<?xml version='1.0' encoding='utf-8'?>
<record xmlns="http://www.loc.gov/MARC21/slim" xmlns:xsi="http://www.w3.org/2001/XMLSchema-instance">
  <leader>00000nas^a22^^^^^^a^4500</leader>
  <controlfield tag="001">006079984</controlfield>
  <controlfield tag="005">20090504105758.0</controlfield>
  <controlfield tag="008">090414c19999999miuwr^n^^^^^^^0^^^a0chi^d</controlfield>
  <datafield tag="035" ind1=" " ind2=" ">
    <subfield code="a">(OCoLC)319492669</subfield>
  </datafield>
  <datafield tag="040" ind1=" " ind2=" ">
    <subfield code="a">MiU-H</subfield>
    <subfield code="c">MiU-H</subfield>
  </datafield>
  <datafield tag="041" ind1="0" ind2=" ">
    <subfield code="a">chi</subfield>
  </datafield>
  <datafield tag="043" ind1=" " ind2=" ">
    <subfield code="a">n-us-mi</subfield>
  </datafield>
  <datafield tag="245" ind1="0" ind2="0">
    <subfield code="a">Michigan Chinese American news.</subfield>
  </datafield>
  <datafield tag="260" ind1=" " ind2=" ">
    <subfield code="a">Ann Arbor, MI :</subfield>
    <subfield code="b">Michigan Chinese American News.</subfield>
  </datafield>
  <datafield tag="300" ind1=" " ind2=" ">
    <subfield code="a">v. :</subfield>
    <subfield code="b">ill., maps ;</subfield>
    <subfield code="c">58 cm.</subfield>
  </datafield>
  <datafield tag="310" ind1=" " ind2=" ">
    <subfield code="a">Weekly</subfield>
  </datafield>
  <datafield tag="362" ind1="0" ind2=" ">
    <subfield code="a">1999-</subfield>
  </datafield>
  <datafield tag="500" ind1=" " ind2=" ">
    <subfield code="a">Description based on: no.812 (Apr. 10, 2009)</subfield>
  </datafield>
  <datafield tag="546" ind1=" " ind2=" ">
    <subfield code="a">In Chinese, some advertisements in English.</subfield>
  </datafield>
  <datafield tag="650" ind1=" " ind2="0">
    <subfield code="a">Chinese Americans</subfield>
    <subfield code="z">Michigan</subfield>
    <subfield code="v">Periodicals.</subfield>
  </datafield>
  <datafield tag="852" ind1="8" ind2=" ">
    <subfield code="a">MiU-H</subfield>
    <subfield code="b">BENT</subfield>
    <subfield code="h">2009080 Aa 2</subfield>
  </datafield>
  <datafield tag="997" ind1=" " ind2=" ">
    <subfield code="a">MARS</subfield>
  </datafield>
  <datafield tag="998" ind1=" " ind2=" ">
    <subfield code="c">OV</subfield>
  </datafield>
  <datafield tag="955" ind1=" " ind2=" ">
    <subfield code="b">BENT</subfield>
    <subfield code="p">6079984-100</subfield>
    <subfield code="z">no.820(2009:Jun. 05)</subfield>
  </datafield>
  <datafield tag="955" ind1=" " ind2=" ">
    <subfield code="b">BENT</subfield>
    <subfield code="p">6079984-1000</subfield>
    <subfield code="z">no.910(2011:Feb. 25)</subfield>
  </datafield>
  <datafield tag="955" ind1=" " ind2=" ">
    <subfield code="b">BENT</subfield>
    <subfield code="p">6079984-1010</subfield>
    <subfield code="z">no.911(2011:Mar. 04)</subfield>
  </datafield>
  <datafield tag="955" ind1=" " ind2=" ">
    <subfield code="b">BENT</subfield>
    <subfield code="p">6079984-1020</subfield>
    <subfield code="z">no.912(2011:Mar. 11)</subfield>
  </datafield>
  <datafield tag="955" ind1=" " ind2=" ">
    <subfield code="b">BENT</subfield>
    <subfield code="p">6079984-1030</subfield>
    <subfield code="z">no.913(2011:Mar. 18)</subfield>
  </datafield>
  <datafield tag="955" ind1=" " ind2=" ">
    <subfield code="b">BENT</subfield>
    <subfield code="p">6079984-1040</subfield>
    <subfield code="z">no.914(2011:Mar. 25)</subfield>
  </datafield>
  <datafield tag="955" ind1=" " ind2=" ">
    <subfield code="b">BENT</subfield>
    <subfield code="p">6079984-1050</subfield>
    <subfield code="z">no.915(2011:April 01)</subfield>
  </datafield>
  <datafield tag="955" ind1=" " ind2=" ">
    <subfield code="b">BENT</subfield>
    <subfield code="p">6079984-1060</subfield>
    <subfield code="z">no.916(2011:April 08)</subfield>
  </datafield>
  <datafield tag="955" ind1=" " ind2=" ">
    <subfield code="b">BENT</subfield>
    <subfield code="p">6079984-1070</subfield>
    <subfield code="z">no.917(2011:April 15)</subfield>
  </datafield>
  <datafield tag="955" ind1=" " ind2=" ">
    <subfield code="b">BENT</subfield>
    <subfield code="p">6079984-1080</subfield>
    <subfield code="z">no.918(2011:April 22)</subfield>
  </datafield>
  <datafield tag="955" ind1=" " ind2=" ">
    <subfield code="b">BENT</subfield>
    <subfield code="p">6079984-1090</subfield>
    <subfield code="z">no.919(2011:April 29)</subfield>
  </datafield>
  <datafield tag="955" ind1=" " ind2=" ">
    <subfield code="b">BENT</subfield>
    <subfield code="p">6079984-110</subfield>
    <subfield code="z">no.821(2009:Jun. 12)</subfield>
  </datafield>
  <datafield tag="955" ind1=" " ind2=" ">
    <subfield code="b">BENT</subfield>
    <subfield code="p">6079984-1100</subfield>
    <subfield code="z">no.920(2011:May 06)</subfield>
  </datafield>
  <datafield tag="955" ind1=" " ind2=" ">
    <subfield code="b">BENT</subfield>
    <subfield code="p">6079984-1110</subfield>
    <subfield code="z">no.921(2011:May 13)</subfield>
  </datafield>
  <datafield tag="955" ind1=" " ind2=" ">
    <subfield code="b">BENT</subfield>
    <subfield code="p">6079984-1120</subfield>
    <subfield code="z">no.922(2011:May 20)</subfield>
  </datafield>
  <datafield tag="955" ind1=" " ind2=" ">
    <subfield code="b">BENT</subfield>
    <subfield code="p">6079984-1130</subfield>
    <subfield code="z">no.923(2011:May 27)</subfield>
  </datafield>
  <datafield tag="955" ind1=" " ind2=" ">
    <subfield code="b">BENT</subfield>
    <subfield code="p">6079984-1140</subfield>
    <subfield code="z">no.924(2011:Jun. 03)</subfield>
  </datafield>
  <datafield tag="955" ind1=" " ind2=" ">
    <subfield code="b">BENT</subfield>
    <subfield code="p">6079984-1150</subfield>
    <subfield code="z">no.925(2011:Jun. 10)</subfield>
  </datafield>
  <datafield tag="955" ind1=" " ind2=" ">
    <subfield code="b">BENT</subfield>
    <subfield code="p">6079984-1160</subfield>
    <subfield code="z">no.926(2011:Jun. 17)</subfield>
  </datafield>
  <datafield tag="955" ind1=" " ind2=" ">
    <subfield code="b">BENT</subfield>
    <subfield code="p">6079984-1170</subfield>
    <subfield code="z">no.927(2011:Jun. 24)</subfield>
  </datafield>
  <datafield tag="955" ind1=" " ind2=" ">
    <subfield code="b">BENT</subfield>
    <subfield code="p">6079984-1180</subfield>
    <subfield code="z">no.928(2011:Jul. 01)</subfield>
  </datafield>
  <datafield tag="955" ind1=" " ind2=" ">
    <subfield code="b">BENT</subfield>
    <subfield code="p">6079984-1190</subfield>
    <subfield code="z">no.929(2011:Jul. 08)</subfield>
  </datafield>
  <datafield tag="955" ind1=" " ind2=" ">
    <subfield code="b">BENT</subfield>
    <subfield code="p">6079984-120</subfield>
    <subfield code="z">no.822(2009:Jun. 19)</subfield>
  </datafield>
  <datafield tag="955" ind1=" " ind2=" ">
    <subfield code="b">BENT</subfield>
    <subfield code="p">6079984-1200</subfield>
    <subfield code="z">no.930(2011:Jul. 15)</subfield>
  </datafield>
  <datafield tag="955" ind1=" " ind2=" ">
    <subfield code="b">BENT</subfield>
    <subfield code="p">6079984-1210</subfield>
    <subfield code="z">no.931(2011:Jul. 22)</subfield>
  </datafield>
  <datafield tag="955" ind1=" " ind2=" ">
    <subfield code="b">BENT</subfield>
    <subfield code="p">6079984-1220</subfield>
    <subfield code="z">no.932(2011:Jul. 29)</subfield>
  </datafield>
  <datafield tag="955" ind1=" " ind2=" ">
    <subfield code="b">BENT</subfield>
    <subfield code="p">6079984-1230</subfield>
    <subfield code="z">no.933(2011:Aug. 05)</subfield>
  </datafield>
  <datafield tag="955" ind1=" " ind2=" ">
    <subfield code="b">BENT</subfield>
    <subfield code="p">6079984-1240</subfield>
    <subfield code="z">no.934(2011:Aug. 12)</subfield>
  </datafield>
  <datafield tag="955" ind1=" " ind2=" ">
    <subfield code="b">BENT</subfield>
    <subfield code="p">6079984-1250</subfield>
    <subfield code="z">no.935(2011:Aug. 19)</subfield>
  </datafield>
  <datafield tag="955" ind1=" " ind2=" ">
    <subfield code="b">BENT</subfield>
    <subfield code="p">6079984-1260</subfield>
    <subfield code="z">no.936(2011:Aug. 26)</subfield>
  </datafield>
  <datafield tag="955" ind1=" " ind2=" ">
    <subfield code="b">BENT</subfield>
    <subfield code="p">6079984-1270</subfield>
    <subfield code="z">no.937(2011:Sep. 02)</subfield>
  </datafield>
  <datafield tag="955" ind1=" " ind2=" ">
    <subfield code="b">BENT</subfield>
    <subfield code="p">6079984-1280</subfield>
    <subfield code="z">no.938(2011:Sep. 09)</subfield>
  </datafield>
  <datafield tag="955" ind1=" " ind2=" ">
    <subfield code="b">BENT</subfield>
    <subfield code="p">6079984-1290</subfield>
    <subfield code="z">no.939(2011:Sep. 16)</subfield>
  </datafield>
  <datafield tag="955" ind1=" " ind2=" ">
    <subfield code="b">BENT</subfield>
    <subfield code="p">6079984-130</subfield>
    <subfield code="z">no.823(2009:Jun. 26)</subfield>
  </datafield>
  <datafield tag="955" ind1=" " ind2=" ">
    <subfield code="b">BENT</subfield>
    <subfield code="p">6079984-1300</subfield>
    <subfield code="z">no.940(2011:Sep. 23)</subfield>
  </datafield>
  <datafield tag="955" ind1=" " ind2=" ">
    <subfield code="b">BENT</subfield>
    <subfield code="p">6079984-1310</subfield>
    <subfield code="z">no.941(2011:Sep. 30)</subfield>
  </datafield>
  <datafield tag="955" ind1=" " ind2=" ">
    <subfield code="b">BENT</subfield>
    <subfield code="p">6079984-1320</subfield>
    <subfield code="z">no.942(2011:Oct. 07)</subfield>
  </datafield>
  <datafield tag="955" ind1=" " ind2=" ">
    <subfield code="b">BENT</subfield>
    <subfield code="p">6079984-1330</subfield>
    <subfield code="z">no.943(2011:Oct. 14)</subfield>
  </datafield>
  <datafield tag="955" ind1=" " ind2=" ">
    <subfield code="b">BENT</subfield>
    <subfield code="p">6079984-1340</subfield>
    <subfield code="z">no.944(2011:Oct. 21)</subfield>
  </datafield>
  <datafield tag="955" ind1=" " ind2=" ">
    <subfield code="b">BENT</subfield>
    <subfield code="p">6079984-1350</subfield>
    <subfield code="z">no.945(2011:Oct. 28)</subfield>
  </datafield>
  <datafield tag="955" ind1=" " ind2=" ">
    <subfield code="b">BENT</subfield>
    <subfield code="p">6079984-1360</subfield>
    <subfield code="z">no.946(2011:Nov. 04)</subfield>
  </datafield>
  <datafield tag="955" ind1=" " ind2=" ">
    <subfield code="b">BENT</subfield>
    <subfield code="p">6079984-1370</subfield>
    <subfield code="z">no.947(2011:Nov. 11)</subfield>
  </datafield>
  <datafield tag="955" ind1=" " ind2=" ">
    <subfield code="b">BENT</subfield>
    <subfield code="p">6079984-1380</subfield>
    <subfield code="z">no.948(2011:Nov. 18)</subfield>
  </datafield>
  <datafield tag="955" ind1=" " ind2=" ">
    <subfield code="b">BENT</subfield>
    <subfield code="p">6079984-1390</subfield>
    <subfield code="z">no.949(2011:Nov. 25)</subfield>
  </datafield>
  <datafield tag="955" ind1=" " ind2=" ">
    <subfield code="b">BENT</subfield>
    <subfield code="p">6079984-140</subfield>
    <subfield code="z">no.824(2009:Jul. 03)</subfield>
  </datafield>
  <datafield tag="955" ind1=" " ind2=" ">
    <subfield code="b">BENT</subfield>
    <subfield code="p">6079984-1400</subfield>
    <subfield code="z">no.950(2011:Dec. 02)</subfield>
  </datafield>
  <datafield tag="955" ind1=" " ind2=" ">
    <subfield code="b">BENT</subfield>
    <subfield code="p">6079984-1410</subfield>
    <subfield code="z">no.951(2011:Dec. 09)</subfield>
  </datafield>
  <datafield tag="955" ind1=" " ind2=" ">
    <subfield code="b">BENT</subfield>
    <subfield code="p">6079984-1420</subfield>
    <subfield code="z">no.952(2011:Dec. 16)</subfield>
  </datafield>
  <datafield tag="955" ind1=" " ind2=" ">
    <subfield code="b">BENT</subfield>
    <subfield code="p">6079984-1430</subfield>
    <subfield code="z">no.953(2011:Dec. 23)</subfield>
  </datafield>
  <datafield tag="955" ind1=" " ind2=" ">
    <subfield code="b">BENT</subfield>
    <subfield code="p">6079984-1440</subfield>
    <subfield code="z">no.954(2011:Dec. 30)</subfield>
  </datafield>
  <datafield tag="955" ind1=" " ind2=" ">
    <subfield code="b">BENT</subfield>
    <subfield code="p">6079984-1450</subfield>
    <subfield code="z">no.955(2012:Jan. 06)</subfield>
  </datafield>
  <datafield tag="955" ind1=" " ind2=" ">
    <subfield code="b">BENT</subfield>
    <subfield code="p">6079984-1460</subfield>
    <subfield code="z">no.956(2012:Jan. 13)</subfield>
  </datafield>
  <datafield tag="955" ind1=" " ind2=" ">
    <subfield code="b">BENT</subfield>
    <subfield code="p">6079984-1470</subfield>
    <subfield code="z">no.957(2012:Jan. 20)</subfield>
  </datafield>
  <datafield tag="955" ind1=" " ind2=" ">
    <subfield code="b">BENT</subfield>
    <subfield code="p">6079984-1480</subfield>
    <subfield code="z">no.958(2012:Jan. 27)</subfield>
  </datafield>
  <datafield tag="955" ind1=" " ind2=" ">
    <subfield code="b">BENT</subfield>
    <subfield code="p">6079984-1490</subfield>
    <subfield code="z">no.959(2012:Feb. 03)</subfield>
  </datafield>
  <datafield tag="955" ind1=" " ind2=" ">
    <subfield code="b">BENT</subfield>
    <subfield code="p">6079984-150</subfield>
    <subfield code="z">no.825(2009:Jul. 10)</subfield>
  </datafield>
  <datafield tag="955" ind1=" " ind2=" ">
    <subfield code="b">BENT</subfield>
    <subfield code="p">6079984-1500</subfield>
    <subfield code="z">no.960(2012:Feb. 10)</subfield>
  </datafield>
  <datafield tag="955" ind1=" " ind2=" ">
    <subfield code="b">BENT</subfield>
    <subfield code="p">6079984-1510</subfield>
    <subfield code="z">no.961(2012:Feb. 17)</subfield>
  </datafield>
  <datafield tag="955" ind1=" " ind2=" ">
    <subfield code="b">BENT</subfield>
    <subfield code="p">6079984-1520</subfield>
    <subfield code="z">no.962(2012:Feb. 24)</subfield>
  </datafield>
  <datafield tag="955" ind1=" " ind2=" ">
    <subfield code="b">BENT</subfield>
    <subfield code="p">6079984-1530</subfield>
    <subfield code="z">no.963(2012:Mar. 02)</subfield>
  </datafield>
  <datafield tag="955" ind1=" " ind2=" ">
    <subfield code="b">BENT</subfield>
    <subfield code="p">6079984-1540</subfield>
    <subfield code="z">no.964(2012:Mar. 09)</subfield>
  </datafield>
  <datafield tag="955" ind1=" " ind2=" ">
    <subfield code="b">BENT</subfield>
    <subfield code="p">6079984-1550</subfield>
    <subfield code="z">no.965(2012:Mar. 16)</subfield>
  </datafield>
  <datafield tag="955" ind1=" " ind2=" ">
    <subfield code="b">BENT</subfield>
    <subfield code="p">6079984-1560</subfield>
    <subfield code="z">no.966(2012:Mar. 23)</subfield>
  </datafield>
  <datafield tag="955" ind1=" " ind2=" ">
    <subfield code="b">BENT</subfield>
    <subfield code="p">6079984-1570</subfield>
    <subfield code="z">no.967(2012:Mar. 30)</subfield>
  </datafield>
  <datafield tag="955" ind1=" " ind2=" ">
    <subfield code="b">BENT</subfield>
    <subfield code="p">6079984-1580</subfield>
    <subfield code="z">no.968(2012:April 06)</subfield>
  </datafield>
  <datafield tag="955" ind1=" " ind2=" ">
    <subfield code="b">BENT</subfield>
    <subfield code="p">6079984-1590</subfield>
    <subfield code="z">no.969(2012:April 13)</subfield>
  </datafield>
  <datafield tag="955" ind1=" " ind2=" ">
    <subfield code="b">BENT</subfield>
    <subfield code="p">6079984-160</subfield>
    <subfield code="z">no.826(2009:Jul. 17)</subfield>
  </datafield>
  <datafield tag="955" ind1=" " ind2=" ">
    <subfield code="b">BENT</subfield>
    <subfield code="p">6079984-1600</subfield>
    <subfield code="z">no.970(2012:April 20)</subfield>
  </datafield>
  <datafield tag="955" ind1=" " ind2=" ">
    <subfield code="b">BENT</subfield>
    <subfield code="p">6079984-1610</subfield>
    <subfield code="z">no.971(2012:April 27)</subfield>
  </datafield>
  <datafield tag="955" ind1=" " ind2=" ">
    <subfield code="b">BENT</subfield>
    <subfield code="p">6079984-1620</subfield>
    <subfield code="z">no.972(2012:May 04)</subfield>
  </datafield>
  <datafield tag="955" ind1=" " ind2=" ">
    <subfield code="b">BENT</subfield>
    <subfield code="p">6079984-1630</subfield>
    <subfield code="z">no.973(2012:May 11)</subfield>
  </datafield>
  <datafield tag="955" ind1=" " ind2=" ">
    <subfield code="b">BENT</subfield>
    <subfield code="p">6079984-1640</subfield>
    <subfield code="z">no.974(2012:May 18)</subfield>
  </datafield>
  <datafield tag="955" ind1=" " ind2=" ">
    <subfield code="b">BENT</subfield>
    <subfield code="p">6079984-1650</subfield>
    <subfield code="z">no.975(2012:May 25)</subfield>
  </datafield>
  <datafield tag="955" ind1=" " ind2=" ">
    <subfield code="b">BENT</subfield>
    <subfield code="p">6079984-1660</subfield>
    <subfield code="z">no.976(2012:Jun. 01)</subfield>
  </datafield>
  <datafield tag="955" ind1=" " ind2=" ">
    <subfield code="b">BENT</subfield>
    <subfield code="p">6079984-1670</subfield>
    <subfield code="z">no.977(2012:Jun. 08)</subfield>
  </datafield>
  <datafield tag="955" ind1=" " ind2=" ">
    <subfield code="b">BENT</subfield>
    <subfield code="p">6079984-1680</subfield>
    <subfield code="z">no.978(2012:Jun. 15)</subfield>
  </datafield>
  <datafield tag="955" ind1=" " ind2=" ">
    <subfield code="b">BENT</subfield>
    <subfield code="p">6079984-1690</subfield>
    <subfield code="z">no.979(2012:Jun. 22)</subfield>
  </datafield>
  <datafield tag="955" ind1=" " ind2=" ">
    <subfield code="b">BENT</subfield>
    <subfield code="p">6079984-170</subfield>
    <subfield code="z">no.827(2009:Jul. 24)</subfield>
  </datafield>
  <datafield tag="955" ind1=" " ind2=" ">
    <subfield code="b">BENT</subfield>
    <subfield code="p">6079984-1700</subfield>
    <subfield code="z">no.980(2012:Jun. 29)</subfield>
  </datafield>
  <datafield tag="955" ind1=" " ind2=" ">
    <subfield code="b">BENT</subfield>
    <subfield code="p">6079984-1710</subfield>
    <subfield code="z">no.981(2012:Jul. 06)</subfield>
  </datafield>
  <datafield tag="955" ind1=" " ind2=" ">
    <subfield code="b">BENT</subfield>
    <subfield code="p">6079984-1720</subfield>
    <subfield code="z">no.982(2012:Jul. 13)</subfield>
  </datafield>
  <datafield tag="955" ind1=" " ind2=" ">
    <subfield code="b">BENT</subfield>
    <subfield code="p">6079984-1730</subfield>
    <subfield code="z">no.983(2012:Jul. 20)</subfield>
  </datafield>
  <datafield tag="955" ind1=" " ind2=" ">
    <subfield code="b">BENT</subfield>
    <subfield code="p">6079984-1740</subfield>
    <subfield code="z">no.984(2012:Jul. 27)</subfield>
  </datafield>
  <datafield tag="955" ind1=" " ind2=" ">
    <subfield code="b">BENT</subfield>
    <subfield code="p">6079984-1750</subfield>
    <subfield code="z">no.985(2012:Aug. 03)</subfield>
  </datafield>
  <datafield tag="955" ind1=" " ind2=" ">
    <subfield code="b">BENT</subfield>
    <subfield code="p">6079984-1760</subfield>
    <subfield code="z">no.986(2012:Aug. 10)</subfield>
  </datafield>
  <datafield tag="955" ind1=" " ind2=" ">
    <subfield code="b">BENT</subfield>
    <subfield code="p">6079984-1770</subfield>
    <subfield code="z">no.987(2012:Aug. 17)</subfield>
  </datafield>
  <datafield tag="955" ind1=" " ind2=" ">
    <subfield code="b">BENT</subfield>
    <subfield code="p">6079984-1780</subfield>
    <subfield code="z">no.988(2012:Aug. 24)</subfield>
  </datafield>
  <datafield tag="955" ind1=" " ind2=" ">
    <subfield code="b">BENT</subfield>
    <subfield code="p">6079984-1790</subfield>
    <subfield code="z">no.989(2012:Aug. 31)</subfield>
  </datafield>
  <datafield tag="955" ind1=" " ind2=" ">
    <subfield code="b">BENT</subfield>
    <subfield code="p">6079984-180</subfield>
    <subfield code="z">no.828(2009:Jul. 31)</subfield>
  </datafield>
  <datafield tag="955" ind1=" " ind2=" ">
    <subfield code="b">BENT</subfield>
    <subfield code="p">6079984-1800</subfield>
    <subfield code="z">no.990(2012:Sep. 07)</subfield>
  </datafield>
  <datafield tag="955" ind1=" " ind2=" ">
    <subfield code="b">BENT</subfield>
    <subfield code="p">6079984-1810</subfield>
    <subfield code="z">no.991(2012:Sep. 14)</subfield>
  </datafield>
  <datafield tag="955" ind1=" " ind2=" ">
    <subfield code="b">BENT</subfield>
    <subfield code="p">6079984-1820</subfield>
    <subfield code="z">no.992(2012:Sep. 21)</subfield>
  </datafield>
  <datafield tag="955" ind1=" " ind2=" ">
    <subfield code="b">BENT</subfield>
    <subfield code="p">6079984-1830</subfield>
    <subfield code="z">no.993(2012:Sep. 28)</subfield>
  </datafield>
  <datafield tag="955" ind1=" " ind2=" ">
    <subfield code="b">BENT</subfield>
    <subfield code="p">6079984-1840</subfield>
    <subfield code="z">no.994(2012:Oct. 05)</subfield>
  </datafield>
  <datafield tag="955" ind1=" " ind2=" ">
    <subfield code="b">BENT</subfield>
    <subfield code="p">6079984-1850</subfield>
    <subfield code="z">no.995(2012:Oct. 12)</subfield>
  </datafield>
  <datafield tag="955" ind1=" " ind2=" ">
    <subfield code="b">BENT</subfield>
    <subfield code="p">6079984-1860</subfield>
    <subfield code="z">no.996(2012:Oct. 19)</subfield>
  </datafield>
  <datafield tag="955" ind1=" " ind2=" ">
    <subfield code="b">BENT</subfield>
    <subfield code="p">6079984-1870</subfield>
    <subfield code="z">no.997(2012:Oct. 26)</subfield>
  </datafield>
  <datafield tag="955" ind1=" " ind2=" ">
    <subfield code="b">BENT</subfield>
    <subfield code="p">6079984-1880</subfield>
    <subfield code="z">no.998(2012:Nov. 02)</subfield>
  </datafield>
  <datafield tag="955" ind1=" " ind2=" ">
    <subfield code="b">BENT</subfield>
    <subfield code="p">6079984-1890</subfield>
    <subfield code="z">no.999(2012:Nov. 09)</subfield>
  </datafield>
  <datafield tag="955" ind1=" " ind2=" ">
    <subfield code="b">BENT</subfield>
    <subfield code="p">6079984-190</subfield>
    <subfield code="z">no.829(2009:Aug. 07)</subfield>
  </datafield>
  <datafield tag="955" ind1=" " ind2=" ">
    <subfield code="b">BENT</subfield>
    <subfield code="p">6079984-1900</subfield>
    <subfield code="z">no.1000(2012:Nov. 16)</subfield>
  </datafield>
  <datafield tag="955" ind1=" " ind2=" ">
    <subfield code="b">BENT</subfield>
    <subfield code="p">6079984-1910</subfield>
    <subfield code="z">no.1001(2012:Nov. 23)</subfield>
  </datafield>
  <datafield tag="955" ind1=" " ind2=" ">
    <subfield code="b">BENT</subfield>
    <subfield code="p">6079984-1920</subfield>
    <subfield code="z">no.1002(2012:Nov. 30)</subfield>
  </datafield>
  <datafield tag="955" ind1=" " ind2=" ">
    <subfield code="b">BENT</subfield>
    <subfield code="p">6079984-1930</subfield>
    <subfield code="z">no.1003(2012:Dec. 07)</subfield>
  </datafield>
  <datafield tag="955" ind1=" " ind2=" ">
    <subfield code="b">BENT</subfield>
    <subfield code="p">6079984-1940</subfield>
    <subfield code="z">no.1004(2012:Dec. 14)</subfield>
  </datafield>
  <datafield tag="955" ind1=" " ind2=" ">
    <subfield code="b">BENT</subfield>
    <subfield code="p">6079984-1950</subfield>
    <subfield code="z">no.1005(2012:Dec. 21)</subfield>
  </datafield>
  <datafield tag="955" ind1=" " ind2=" ">
    <subfield code="b">BENT</subfield>
    <subfield code="p">6079984-1960</subfield>
    <subfield code="z">no.1006(2012:Dec. 28)</subfield>
  </datafield>
  <datafield tag="955" ind1=" " ind2=" ">
    <subfield code="b">BENT</subfield>
    <subfield code="p">6079984-1970</subfield>
    <subfield code="z">no.1007(2013:Jan. 04)</subfield>
  </datafield>
  <datafield tag="955" ind1=" " ind2=" ">
    <subfield code="b">BENT</subfield>
    <subfield code="p">6079984-1980</subfield>
    <subfield code="z">no.1008(2013:Jan. 11)</subfield>
  </datafield>
  <datafield tag="955" ind1=" " ind2=" ">
    <subfield code="b">BENT</subfield>
    <subfield code="p">6079984-1990</subfield>
    <subfield code="z">no.1009(2013:Jan. 18)</subfield>
  </datafield>
  <datafield tag="955" ind1=" " ind2=" ">
    <subfield code="b">BENT</subfield>
    <subfield code="p">6079984-20</subfield>
    <subfield code="z">no.812(2009:April 10)</subfield>
  </datafield>
  <datafield tag="955" ind1=" " ind2=" ">
    <subfield code="b">BENT</subfield>
    <subfield code="p">6079984-200</subfield>
    <subfield code="z">no.830(2009:Aug. 14)</subfield>
  </datafield>
  <datafield tag="955" ind1=" " ind2=" ">
    <subfield code="b">BENT</subfield>
    <subfield code="p">6079984-2000</subfield>
    <subfield code="z">no.1010(2013:Jan. 25)</subfield>
  </datafield>
  <datafield tag="955" ind1=" " ind2=" ">
    <subfield code="b">BENT</subfield>
    <subfield code="p">6079984-2010</subfield>
    <subfield code="z">no.1011(2013:Feb. 01)</subfield>
  </datafield>
  <datafield tag="955" ind1=" " ind2=" ">
    <subfield code="b">BENT</subfield>
    <subfield code="p">6079984-2020</subfield>
    <subfield code="z">no.1012(2013:Feb. 08)</subfield>
  </datafield>
  <datafield tag="955" ind1=" " ind2=" ">
    <subfield code="b">BENT</subfield>
    <subfield code="p">6079984-2030</subfield>
    <subfield code="z">no.1013(2013:Feb. 15)</subfield>
  </datafield>
  <datafield tag="955" ind1=" " ind2=" ">
    <subfield code="b">BENT</subfield>
    <subfield code="p">6079984-2040</subfield>
    <subfield code="z">no.1014(2013:Feb. 22)</subfield>
  </datafield>
  <datafield tag="955" ind1=" " ind2=" ">
    <subfield code="b">BENT</subfield>
    <subfield code="p">6079984-2050</subfield>
    <subfield code="z">no.1015(2013:Mar. 01)</subfield>
  </datafield>
  <datafield tag="955" ind1=" " ind2=" ">
    <subfield code="b">BENT</subfield>
    <subfield code="p">6079984-2060</subfield>
    <subfield code="z">no.1016(2013:Mar. 08)</subfield>
  </datafield>
  <datafield tag="955" ind1=" " ind2=" ">
    <subfield code="b">BENT</subfield>
    <subfield code="p">6079984-2070</subfield>
    <subfield code="z">no.1017(2013:Mar. 15)</subfield>
  </datafield>
  <datafield tag="955" ind1=" " ind2=" ">
    <subfield code="b">BENT</subfield>
    <subfield code="p">6079984-2080</subfield>
    <subfield code="z">no.1018(2013:Mar. 22)</subfield>
  </datafield>
  <datafield tag="955" ind1=" " ind2=" ">
    <subfield code="b">BENT</subfield>
    <subfield code="p">6079984-2090</subfield>
    <subfield code="z">no.1019(2013:Mar. 29)</subfield>
  </datafield>
  <datafield tag="955" ind1=" " ind2=" ">
    <subfield code="b">BENT</subfield>
    <subfield code="p">6079984-210</subfield>
    <subfield code="z">no.831(2009:Aug. 21)</subfield>
  </datafield>
  <datafield tag="955" ind1=" " ind2=" ">
    <subfield code="b">BENT</subfield>
    <subfield code="p">6079984-2100</subfield>
    <subfield code="z">no.1008(2013:Jan. 11)</subfield>
  </datafield>
  <datafield tag="955" ind1=" " ind2=" ">
    <subfield code="b">BENT</subfield>
    <subfield code="p">6079984-2110</subfield>
    <subfield code="z">no.1009(2013:Jan. 18)</subfield>
  </datafield>
  <datafield tag="955" ind1=" " ind2=" ">
    <subfield code="b">BENT</subfield>
    <subfield code="p">6079984-2120</subfield>
    <subfield code="z">no.1010(2013:Jan. 25)</subfield>
  </datafield>
  <datafield tag="955" ind1=" " ind2=" ">
    <subfield code="b">BENT</subfield>
    <subfield code="p">6079984-2130</subfield>
    <subfield code="z">no.1011(2013:Feb. 01)</subfield>
  </datafield>
  <datafield tag="955" ind1=" " ind2=" ">
    <subfield code="b">BENT</subfield>
    <subfield code="p">6079984-2140</subfield>
    <subfield code="z">no.1012(2013:Feb. 08)</subfield>
  </datafield>
  <datafield tag="955" ind1=" " ind2=" ">
    <subfield code="b">BENT</subfield>
    <subfield code="p">6079984-2150</subfield>
    <subfield code="z">no.1013(2013:Feb. 15)</subfield>
  </datafield>
  <datafield tag="955" ind1=" " ind2=" ">
    <subfield code="b">BENT</subfield>
    <subfield code="p">6079984-2160</subfield>
    <subfield code="z">no.1014(2013:Feb. 22)</subfield>
  </datafield>
  <datafield tag="955" ind1=" " ind2=" ">
    <subfield code="b">BENT</subfield>
    <subfield code="p">6079984-2170</subfield>
    <subfield code="z">no.1015(2013:Mar. 01)</subfield>
  </datafield>
  <datafield tag="955" ind1=" " ind2=" ">
    <subfield code="b">BENT</subfield>
    <subfield code="p">6079984-2180</subfield>
    <subfield code="z">no.1016(2013:Mar. 08)</subfield>
  </datafield>
  <datafield tag="955" ind1=" " ind2=" ">
    <subfield code="b">BENT</subfield>
    <subfield code="p">6079984-2190</subfield>
    <subfield code="z">no.1017(2013:Mar. 15)</subfield>
  </datafield>
  <datafield tag="955" ind1=" " ind2=" ">
    <subfield code="b">BENT</subfield>
    <subfield code="p">6079984-220</subfield>
    <subfield code="z">no.832(2009:Aug. 28)</subfield>
  </datafield>
  <datafield tag="955" ind1=" " ind2=" ">
    <subfield code="b">BENT</subfield>
    <subfield code="p">6079984-2200</subfield>
    <subfield code="z">no.1018(2013:Mar. 22)</subfield>
  </datafield>
  <datafield tag="955" ind1=" " ind2=" ">
    <subfield code="b">BENT</subfield>
    <subfield code="p">6079984-2210</subfield>
    <subfield code="z">no.1019(2013:Mar. 29)</subfield>
  </datafield>
  <datafield tag="955" ind1=" " ind2=" ">
    <subfield code="b">BENT</subfield>
    <subfield code="p">6079984-2220</subfield>
    <subfield code="z">no.1020(2013:April 05)</subfield>
  </datafield>
  <datafield tag="955" ind1=" " ind2=" ">
    <subfield code="b">BENT</subfield>
    <subfield code="p">6079984-2230</subfield>
    <subfield code="z">no.1021(2013:April 12)</subfield>
  </datafield>
  <datafield tag="955" ind1=" " ind2=" ">
    <subfield code="b">BENT</subfield>
    <subfield code="p">6079984-2240</subfield>
    <subfield code="z">no.1022(2013:April 19)</subfield>
  </datafield>
  <datafield tag="955" ind1=" " ind2=" ">
    <subfield code="b">BENT</subfield>
    <subfield code="p">6079984-2250</subfield>
    <subfield code="z">no.1023(2013:April 26)</subfield>
  </datafield>
  <datafield tag="955" ind1=" " ind2=" ">
    <subfield code="b">BENT</subfield>
    <subfield code="p">6079984-2260</subfield>
    <subfield code="z">no.1024(2013:May 03)</subfield>
  </datafield>
  <datafield tag="955" ind1=" " ind2=" ">
    <subfield code="b">BENT</subfield>
    <subfield code="p">6079984-2270</subfield>
    <subfield code="z">no.1025(2013:May 10)</subfield>
  </datafield>
  <datafield tag="955" ind1=" " ind2=" ">
    <subfield code="b">BENT</subfield>
    <subfield code="p">6079984-2280</subfield>
    <subfield code="z">no.1026(2013:May 17)</subfield>
  </datafield>
  <datafield tag="955" ind1=" " ind2=" ">
    <subfield code="b">BENT</subfield>
    <subfield code="p">6079984-2290</subfield>
    <subfield code="z">no.1027(2013:May 24)</subfield>
  </datafield>
  <datafield tag="955" ind1=" " ind2=" ">
    <subfield code="b">BENT</subfield>
    <subfield code="p">6079984-230</subfield>
    <subfield code="z">no.833(2009:Sep. 04)</subfield>
  </datafield>
  <datafield tag="955" ind1=" " ind2=" ">
    <subfield code="b">BENT</subfield>
    <subfield code="p">6079984-2300</subfield>
    <subfield code="z">no.1028(2013:May 31)</subfield>
  </datafield>
  <datafield tag="955" ind1=" " ind2=" ">
    <subfield code="b">BENT</subfield>
    <subfield code="p">6079984-2310</subfield>
    <subfield code="z">no.1029(2013:Jun. 07)</subfield>
  </datafield>
  <datafield tag="955" ind1=" " ind2=" ">
    <subfield code="b">BENT</subfield>
    <subfield code="p">6079984-2320</subfield>
    <subfield code="z">no.1030(2013:Jun. 14)</subfield>
  </datafield>
  <datafield tag="955" ind1=" " ind2=" ">
    <subfield code="b">BENT</subfield>
    <subfield code="p">6079984-2330</subfield>
    <subfield code="z">no.1031(2013:Jun. 21)</subfield>
  </datafield>
  <datafield tag="955" ind1=" " ind2=" ">
    <subfield code="b">BENT</subfield>
    <subfield code="p">6079984-2340</subfield>
    <subfield code="z">no.1032(2013:Jun. 28)</subfield>
  </datafield>
  <datafield tag="955" ind1=" " ind2=" ">
    <subfield code="b">BENT</subfield>
    <subfield code="p">6079984-2350</subfield>
    <subfield code="z">no.1033(2013:Jul. 05)</subfield>
  </datafield>
  <datafield tag="955" ind1=" " ind2=" ">
    <subfield code="b">BENT</subfield>
    <subfield code="p">6079984-2360</subfield>
    <subfield code="z">no.1034(2013:Jul. 12)</subfield>
  </datafield>
  <datafield tag="955" ind1=" " ind2=" ">
    <subfield code="b">BENT</subfield>
    <subfield code="p">6079984-2370</subfield>
    <subfield code="z">no.1035(2013:Jul. 19)</subfield>
  </datafield>
  <datafield tag="955" ind1=" " ind2=" ">
    <subfield code="b">BENT</subfield>
    <subfield code="p">6079984-2380</subfield>
    <subfield code="z">no.1036(2013:Jul. 26)</subfield>
  </datafield>
  <datafield tag="955" ind1=" " ind2=" ">
    <subfield code="b">BENT</subfield>
    <subfield code="p">6079984-2390</subfield>
    <subfield code="z">no.1037(2013:Aug. 02)</subfield>
  </datafield>
  <datafield tag="955" ind1=" " ind2=" ">
    <subfield code="b">BENT</subfield>
    <subfield code="p">6079984-240</subfield>
    <subfield code="z">no.834(2009:Sep. 11)</subfield>
  </datafield>
  <datafield tag="955" ind1=" " ind2=" ">
    <subfield code="b">BENT</subfield>
    <subfield code="p">6079984-2400</subfield>
    <subfield code="z">no.1038(2013:Aug. 09)</subfield>
  </datafield>
  <datafield tag="955" ind1=" " ind2=" ">
    <subfield code="b">BENT</subfield>
    <subfield code="p">6079984-2410</subfield>
    <subfield code="z">no.1039(2013:Aug. 16)</subfield>
  </datafield>
  <datafield tag="955" ind1=" " ind2=" ">
    <subfield code="b">BENT</subfield>
    <subfield code="p">6079984-2420</subfield>
    <subfield code="z">no.1040(2013:Aug. 23)</subfield>
  </datafield>
  <datafield tag="955" ind1=" " ind2=" ">
    <subfield code="b">BENT</subfield>
    <subfield code="p">6079984-2430</subfield>
    <subfield code="z">no.1041(2013:Aug. 30)</subfield>
  </datafield>
  <datafield tag="955" ind1=" " ind2=" ">
    <subfield code="b">BENT</subfield>
    <subfield code="p">6079984-2440</subfield>
    <subfield code="z">no.1042(2013:Sep. 06)</subfield>
  </datafield>
  <datafield tag="955" ind1=" " ind2=" ">
    <subfield code="b">BENT</subfield>
    <subfield code="p">6079984-2450</subfield>
    <subfield code="z">no.1043(2013:Sep. 13)</subfield>
  </datafield>
  <datafield tag="955" ind1=" " ind2=" ">
    <subfield code="b">BENT</subfield>
    <subfield code="p">6079984-2460</subfield>
    <subfield code="z">no.1044(2013:Sep. 20)</subfield>
  </datafield>
  <datafield tag="955" ind1=" " ind2=" ">
    <subfield code="b">BENT</subfield>
    <subfield code="p">6079984-2470</subfield>
    <subfield code="z">no.1045(2013:Sep. 27)</subfield>
  </datafield>
  <datafield tag="955" ind1=" " ind2=" ">
    <subfield code="b">BENT</subfield>
    <subfield code="p">6079984-2480</subfield>
    <subfield code="z">no.1046(2013:Oct. 04)</subfield>
  </datafield>
  <datafield tag="955" ind1=" " ind2=" ">
    <subfield code="b">BENT</subfield>
    <subfield code="p">6079984-2490</subfield>
    <subfield code="z">no.1047(2013:Oct. 11)</subfield>
  </datafield>
  <datafield tag="955" ind1=" " ind2=" ">
    <subfield code="b">BENT</subfield>
    <subfield code="p">6079984-250</subfield>
    <subfield code="z">no.835(2009:Sep. 18)</subfield>
  </datafield>
  <datafield tag="955" ind1=" " ind2=" ">
    <subfield code="b">BENT</subfield>
    <subfield code="p">6079984-2500</subfield>
    <subfield code="z">no.1048(2013:Oct. 18)</subfield>
  </datafield>
  <datafield tag="955" ind1=" " ind2=" ">
    <subfield code="b">BENT</subfield>
    <subfield code="p">6079984-2510</subfield>
    <subfield code="z">no.1049(2013:Oct. 25)</subfield>
  </datafield>
  <datafield tag="955" ind1=" " ind2=" ">
    <subfield code="b">BENT</subfield>
    <subfield code="p">6079984-2520</subfield>
    <subfield code="z">no.1050(2013:Nov. 01)</subfield>
  </datafield>
  <datafield tag="955" ind1=" " ind2=" ">
    <subfield code="b">BENT</subfield>
    <subfield code="p">6079984-2530</subfield>
    <subfield code="z">no.1051(2013:Nov. 08)</subfield>
  </datafield>
  <datafield tag="955" ind1=" " ind2=" ">
    <subfield code="b">BENT</subfield>
    <subfield code="p">6079984-2540</subfield>
    <subfield code="z">no.1052(2013:Nov. 15)</subfield>
  </datafield>
  <datafield tag="955" ind1=" " ind2=" ">
    <subfield code="b">BENT</subfield>
    <subfield code="p">6079984-2550</subfield>
    <subfield code="z">no.1053(2013:Nov. 22)</subfield>
  </datafield>
  <datafield tag="955" ind1=" " ind2=" ">
    <subfield code="b">BENT</subfield>
    <subfield code="p">6079984-2560</subfield>
    <subfield code="z">no.1054(2013:Nov. 29)</subfield>
  </datafield>
  <datafield tag="955" ind1=" " ind2=" ">
    <subfield code="b">BENT</subfield>
    <subfield code="p">6079984-2570</subfield>
    <subfield code="z">no.1055(2013:Dec. 06)</subfield>
  </datafield>
  <datafield tag="955" ind1=" " ind2=" ">
    <subfield code="b">BENT</subfield>
    <subfield code="p">6079984-2580</subfield>
    <subfield code="z">no.1056(2013:Dec. 13)</subfield>
  </datafield>
  <datafield tag="955" ind1=" " ind2=" ">
    <subfield code="b">BENT</subfield>
    <subfield code="p">6079984-2590</subfield>
    <subfield code="z">no.1057(2013:Dec. 20)</subfield>
  </datafield>
  <datafield tag="955" ind1=" " ind2=" ">
    <subfield code="b">BENT</subfield>
    <subfield code="p">6079984-260</subfield>
    <subfield code="z">no.836(2009:Sep. 25)</subfield>
  </datafield>
  <datafield tag="955" ind1=" " ind2=" ">
    <subfield code="b">BENT</subfield>
    <subfield code="p">6079984-2600</subfield>
    <subfield code="z">no.1058(2013:Dec. 27)</subfield>
  </datafield>
  <datafield tag="955" ind1=" " ind2=" ">
    <subfield code="b">BENT</subfield>
    <subfield code="p">6079984-2610</subfield>
    <subfield code="z">no.1059(2014:Jan. 03)</subfield>
  </datafield>
  <datafield tag="955" ind1=" " ind2=" ">
    <subfield code="b">BENT</subfield>
    <subfield code="p">6079984-2620</subfield>
    <subfield code="z">no.1060(2014:Jan. 10)</subfield>
  </datafield>
  <datafield tag="955" ind1=" " ind2=" ">
    <subfield code="b">BENT</subfield>
    <subfield code="p">6079984-2630</subfield>
    <subfield code="z">no.1061(2014:Jan. 17)</subfield>
  </datafield>
  <datafield tag="955" ind1=" " ind2=" ">
    <subfield code="b">BENT</subfield>
    <subfield code="p">6079984-2640</subfield>
    <subfield code="z">no.1062(2014:Jan. 24)</subfield>
  </datafield>
  <datafield tag="955" ind1=" " ind2=" ">
    <subfield code="b">BENT</subfield>
    <subfield code="p">6079984-2650</subfield>
    <subfield code="z">no.1063(2014:Jan. 31)</subfield>
  </datafield>
  <datafield tag="955" ind1=" " ind2=" ">
    <subfield code="b">BENT</subfield>
    <subfield code="p">6079984-2660</subfield>
    <subfield code="z">no.1064(2014:Feb. 07)</subfield>
  </datafield>
  <datafield tag="955" ind1=" " ind2=" ">
    <subfield code="b">BENT</subfield>
    <subfield code="p">6079984-2670</subfield>
    <subfield code="z">no.1065(2014:Feb. 14)</subfield>
  </datafield>
  <datafield tag="955" ind1=" " ind2=" ">
    <subfield code="b">BENT</subfield>
    <subfield code="p">6079984-2680</subfield>
    <subfield code="z">no.1066(2014:Feb. 21)</subfield>
  </datafield>
  <datafield tag="955" ind1=" " ind2=" ">
    <subfield code="b">BENT</subfield>
    <subfield code="p">6079984-2690</subfield>
    <subfield code="z">no.1067(2014:Feb. 28)</subfield>
  </datafield>
  <datafield tag="955" ind1=" " ind2=" ">
    <subfield code="b">BENT</subfield>
    <subfield code="p">6079984-270</subfield>
    <subfield code="z">no.837(2009:Oct. 02)</subfield>
  </datafield>
  <datafield tag="955" ind1=" " ind2=" ">
    <subfield code="b">BENT</subfield>
    <subfield code="p">6079984-2700</subfield>
    <subfield code="z">no.1068(2014:Mar. 07)</subfield>
  </datafield>
  <datafield tag="955" ind1=" " ind2=" ">
    <subfield code="b">BENT</subfield>
    <subfield code="p">6079984-2710</subfield>
    <subfield code="z">no.1069(2014:Mar. 14)</subfield>
  </datafield>
  <datafield tag="955" ind1=" " ind2=" ">
    <subfield code="b">BENT</subfield>
    <subfield code="p">6079984-2720</subfield>
    <subfield code="z">no.1070(2014:Mar. 21)</subfield>
  </datafield>
  <datafield tag="955" ind1=" " ind2=" ">
    <subfield code="b">BENT</subfield>
    <subfield code="p">6079984-2730</subfield>
    <subfield code="z">no.1071(2014:Mar. 28)</subfield>
  </datafield>
  <datafield tag="955" ind1=" " ind2=" ">
    <subfield code="b">BENT</subfield>
    <subfield code="p">6079984-2740</subfield>
    <subfield code="z">no.1072(2014:April 04)</subfield>
  </datafield>
  <datafield tag="955" ind1=" " ind2=" ">
    <subfield code="b">BENT</subfield>
    <subfield code="p">6079984-2750</subfield>
    <subfield code="z">no.1073(2014:April 11)</subfield>
  </datafield>
  <datafield tag="955" ind1=" " ind2=" ">
    <subfield code="b">BENT</subfield>
    <subfield code="p">6079984-2760</subfield>
    <subfield code="z">no.1074(2014:April 18)</subfield>
  </datafield>
  <datafield tag="955" ind1=" " ind2=" ">
    <subfield code="b">BENT</subfield>
    <subfield code="p">6079984-2770</subfield>
    <subfield code="z">no.1075(2014:April 25)</subfield>
  </datafield>
  <datafield tag="955" ind1=" " ind2=" ">
    <subfield code="b">BENT</subfield>
    <subfield code="p">6079984-2780</subfield>
    <subfield code="z">no.1076(2014:May 02)</subfield>
  </datafield>
  <datafield tag="955" ind1=" " ind2=" ">
    <subfield code="b">BENT</subfield>
    <subfield code="p">6079984-2790</subfield>
    <subfield code="z">no.1077(2014:May 09)</subfield>
  </datafield>
  <datafield tag="955" ind1=" " ind2=" ">
    <subfield code="b">BENT</subfield>
    <subfield code="p">6079984-280</subfield>
    <subfield code="z">no.838(2009:Oct. 09)</subfield>
  </datafield>
  <datafield tag="955" ind1=" " ind2=" ">
    <subfield code="b">BENT</subfield>
    <subfield code="p">6079984-2800</subfield>
    <subfield code="z">no.1078(2014:May 16)</subfield>
  </datafield>
  <datafield tag="955" ind1=" " ind2=" ">
    <subfield code="b">BENT</subfield>
    <subfield code="p">6079984-2810</subfield>
    <subfield code="z">no.1079(2014:May 23)</subfield>
  </datafield>
  <datafield tag="955" ind1=" " ind2=" ">
    <subfield code="b">BENT</subfield>
    <subfield code="p">6079984-2820</subfield>
    <subfield code="z">no.1080(2014:May 30)</subfield>
  </datafield>
  <datafield tag="955" ind1=" " ind2=" ">
    <subfield code="b">BENT</subfield>
    <subfield code="p">6079984-2830</subfield>
    <subfield code="z">no.1081(2014:Jun. 06)</subfield>
  </datafield>
  <datafield tag="955" ind1=" " ind2=" ">
    <subfield code="b">BENT</subfield>
    <subfield code="p">6079984-2840</subfield>
    <subfield code="z">no.1082(2014:Jun. 13)</subfield>
  </datafield>
  <datafield tag="955" ind1=" " ind2=" ">
    <subfield code="b">BENT</subfield>
    <subfield code="p">6079984-2850</subfield>
    <subfield code="z">no.1083(2014:Jun. 20)</subfield>
  </datafield>
  <datafield tag="955" ind1=" " ind2=" ">
    <subfield code="b">BENT</subfield>
    <subfield code="p">6079984-2860</subfield>
    <subfield code="z">no.1084(2014:Jun. 27)</subfield>
  </datafield>
  <datafield tag="955" ind1=" " ind2=" ">
    <subfield code="b">BENT</subfield>
    <subfield code="p">6079984-2870</subfield>
    <subfield code="z">no.1085(2014:Jul. 04)</subfield>
  </datafield>
  <datafield tag="955" ind1=" " ind2=" ">
    <subfield code="b">BENT</subfield>
    <subfield code="p">6079984-2880</subfield>
    <subfield code="z">no.1086(2014:Jul. 11)</subfield>
  </datafield>
  <datafield tag="955" ind1=" " ind2=" ">
    <subfield code="b">BENT</subfield>
    <subfield code="p">6079984-2890</subfield>
    <subfield code="z">no.1087(2014:Jul. 18)</subfield>
  </datafield>
  <datafield tag="955" ind1=" " ind2=" ">
    <subfield code="b">BENT</subfield>
    <subfield code="p">6079984-290</subfield>
    <subfield code="z">no.839(2009:Oct. 16)</subfield>
  </datafield>
  <datafield tag="955" ind1=" " ind2=" ">
    <subfield code="b">BENT</subfield>
    <subfield code="p">6079984-2900</subfield>
    <subfield code="z">no.1088(2014:Jul. 25)</subfield>
  </datafield>
  <datafield tag="955" ind1=" " ind2=" ">
    <subfield code="b">BENT</subfield>
    <subfield code="p">6079984-2910</subfield>
    <subfield code="z">no.1089(2014:Aug. 01)</subfield>
  </datafield>
  <datafield tag="955" ind1=" " ind2=" ">
    <subfield code="b">BENT</subfield>
    <subfield code="p">6079984-2920</subfield>
    <subfield code="z">no.1090(2014:Aug. 08)</subfield>
  </datafield>
  <datafield tag="955" ind1=" " ind2=" ">
    <subfield code="b">BENT</subfield>
    <subfield code="p">6079984-2930</subfield>
    <subfield code="z">no.1091(2014:Aug. 15)</subfield>
  </datafield>
  <datafield tag="955" ind1=" " ind2=" ">
    <subfield code="b">BENT</subfield>
    <subfield code="p">6079984-2940</subfield>
    <subfield code="z">no.1092(2014:Aug. 22)</subfield>
  </datafield>
  <datafield tag="955" ind1=" " ind2=" ">
    <subfield code="b">BENT</subfield>
    <subfield code="p">6079984-2950</subfield>
    <subfield code="z">no.1093(2014:Aug. 29)</subfield>
  </datafield>
  <datafield tag="955" ind1=" " ind2=" ">
    <subfield code="b">BENT</subfield>
    <subfield code="p">6079984-2960</subfield>
    <subfield code="z">no.1094(2014:Sep. 05)</subfield>
  </datafield>
  <datafield tag="955" ind1=" " ind2=" ">
    <subfield code="b">BENT</subfield>
    <subfield code="p">6079984-2970</subfield>
    <subfield code="z">no.1095(2014:Sep. 12)</subfield>
  </datafield>
  <datafield tag="955" ind1=" " ind2=" ">
    <subfield code="b">BENT</subfield>
    <subfield code="p">6079984-2980</subfield>
    <subfield code="z">no.1096(2014:Sep. 19)</subfield>
  </datafield>
  <datafield tag="955" ind1=" " ind2=" ">
    <subfield code="b">BENT</subfield>
    <subfield code="p">6079984-2990</subfield>
    <subfield code="z">no.1097(2014:Sep. 26)</subfield>
  </datafield>
  <datafield tag="955" ind1=" " ind2=" ">
    <subfield code="b">BENT</subfield>
    <subfield code="p">6079984-30</subfield>
    <subfield code="z">no.813(2009:April 17)</subfield>
  </datafield>
  <datafield tag="955" ind1=" " ind2=" ">
    <subfield code="b">BENT</subfield>
    <subfield code="p">6079984-300</subfield>
    <subfield code="z">no.840(2009:Oct. 23)</subfield>
  </datafield>
  <datafield tag="955" ind1=" " ind2=" ">
    <subfield code="b">BENT</subfield>
    <subfield code="p">6079984-3000</subfield>
    <subfield code="z">no.1098(2014:Oct. 03)</subfield>
  </datafield>
  <datafield tag="955" ind1=" " ind2=" ">
    <subfield code="b">BENT</subfield>
    <subfield code="p">6079984-3010</subfield>
    <subfield code="z">no.1099(2014:Oct. 10)</subfield>
  </datafield>
  <datafield tag="955" ind1=" " ind2=" ">
    <subfield code="b">BENT</subfield>
    <subfield code="p">6079984-3020</subfield>
    <subfield code="z">no.1100(2014:Oct. 17)</subfield>
  </datafield>
  <datafield tag="955" ind1=" " ind2=" ">
    <subfield code="b">BENT</subfield>
    <subfield code="p">6079984-3030</subfield>
    <subfield code="z">no.1101(2014:Oct. 24)</subfield>
  </datafield>
  <datafield tag="955" ind1=" " ind2=" ">
    <subfield code="b">BENT</subfield>
    <subfield code="p">6079984-3040</subfield>
    <subfield code="z">no.1102(2014:Oct. 31)</subfield>
  </datafield>
  <datafield tag="955" ind1=" " ind2=" ">
    <subfield code="b">BENT</subfield>
    <subfield code="p">6079984-3050</subfield>
    <subfield code="z">no.1103(2014:Nov. 07)</subfield>
  </datafield>
  <datafield tag="955" ind1=" " ind2=" ">
    <subfield code="b">BENT</subfield>
    <subfield code="p">6079984-3060</subfield>
    <subfield code="z">no.1104(2014:Nov. 14)</subfield>
  </datafield>
  <datafield tag="955" ind1=" " ind2=" ">
    <subfield code="b">BENT</subfield>
    <subfield code="p">6079984-3070</subfield>
    <subfield code="z">no.1105(2014:Nov. 21)</subfield>
  </datafield>
  <datafield tag="955" ind1=" " ind2=" ">
    <subfield code="b">BENT</subfield>
    <subfield code="p">6079984-3080</subfield>
    <subfield code="z">no.1106(2014:Nov. 28)</subfield>
  </datafield>
  <datafield tag="955" ind1=" " ind2=" ">
    <subfield code="b">BENT</subfield>
    <subfield code="p">6079984-3090</subfield>
    <subfield code="z">no.1107(2014:Dec. 05)</subfield>
  </datafield>
  <datafield tag="955" ind1=" " ind2=" ">
    <subfield code="b">BENT</subfield>
    <subfield code="p">6079984-310</subfield>
    <subfield code="z">no.841(2009:Oct. 30)</subfield>
  </datafield>
  <datafield tag="955" ind1=" " ind2=" ">
    <subfield code="b">BENT</subfield>
    <subfield code="p">6079984-3100</subfield>
    <subfield code="z">no.1108(2014:Dec. 12)</subfield>
  </datafield>
  <datafield tag="955" ind1=" " ind2=" ">
    <subfield code="b">BENT</subfield>
    <subfield code="p">6079984-3110</subfield>
    <subfield code="z">no.1109(2014:Dec. 19)</subfield>
  </datafield>
  <datafield tag="955" ind1=" " ind2=" ">
    <subfield code="b">BENT</subfield>
    <subfield code="p">6079984-3120</subfield>
    <subfield code="z">no.1110(2014:Dec. 26)</subfield>
  </datafield>
  <datafield tag="955" ind1=" " ind2=" ">
    <subfield code="b">BENT</subfield>
    <subfield code="p">6079984-3130</subfield>
    <subfield code="z">no.1111(2015:Jan. 02)</subfield>
  </datafield>
  <datafield tag="955" ind1=" " ind2=" ">
    <subfield code="b">BENT</subfield>
    <subfield code="p">6079984-3160</subfield>
    <subfield code="z">no.1112(2015:Jan. 09)</subfield>
  </datafield>
  <datafield tag="955" ind1=" " ind2=" ">
    <subfield code="b">BENT</subfield>
    <subfield code="p">6079984-3170</subfield>
    <subfield code="z">no.1113(2015:Jan. 16)</subfield>
  </datafield>
  <datafield tag="955" ind1=" " ind2=" ">
    <subfield code="b">BENT</subfield>
    <subfield code="p">6079984-3180</subfield>
    <subfield code="z">no.1114(2015:Jan. 23)</subfield>
  </datafield>
  <datafield tag="955" ind1=" " ind2=" ">
    <subfield code="b">BENT</subfield>
    <subfield code="p">6079984-3190</subfield>
    <subfield code="z">no.1115(2015:Jan. 30)</subfield>
  </datafield>
  <datafield tag="955" ind1=" " ind2=" ">
    <subfield code="b">BENT</subfield>
    <subfield code="p">6079984-320</subfield>
    <subfield code="z">no.842(2009:Nov. 06)</subfield>
  </datafield>
  <datafield tag="955" ind1=" " ind2=" ">
    <subfield code="b">BENT</subfield>
    <subfield code="p">6079984-3200</subfield>
    <subfield code="z">no.1116(2015:Feb. 06)</subfield>
  </datafield>
  <datafield tag="955" ind1=" " ind2=" ">
    <subfield code="b">BENT</subfield>
    <subfield code="p">6079984-3210</subfield>
    <subfield code="z">no.1117(2015:Feb. 13)</subfield>
  </datafield>
  <datafield tag="955" ind1=" " ind2=" ">
    <subfield code="b">BENT</subfield>
    <subfield code="p">6079984-3220</subfield>
    <subfield code="z">no.1118(2015:Feb. 20)</subfield>
  </datafield>
  <datafield tag="955" ind1=" " ind2=" ">
    <subfield code="b">BENT</subfield>
    <subfield code="p">6079984-3230</subfield>
    <subfield code="z">no.1119(2015:Feb. 27)</subfield>
  </datafield>
  <datafield tag="955" ind1=" " ind2=" ">
    <subfield code="b">BENT</subfield>
    <subfield code="p">6079984-3240</subfield>
    <subfield code="z">no.1120(2015:Mar. 06)</subfield>
  </datafield>
  <datafield tag="955" ind1=" " ind2=" ">
    <subfield code="b">BENT</subfield>
    <subfield code="p">6079984-3250</subfield>
    <subfield code="z">no.1121(2015:Mar. 13)</subfield>
  </datafield>
  <datafield tag="955" ind1=" " ind2=" ">
    <subfield code="b">BENT</subfield>
    <subfield code="p">6079984-3260</subfield>
    <subfield code="z">no.1122(2015:Mar. 20)</subfield>
  </datafield>
  <datafield tag="955" ind1=" " ind2=" ">
    <subfield code="b">BENT</subfield>
    <subfield code="p">6079984-3270</subfield>
    <subfield code="z">no.1123(2015:Mar. 27)</subfield>
  </datafield>
  <datafield tag="955" ind1=" " ind2=" ">
    <subfield code="b">BENT</subfield>
    <subfield code="p">6079984-3280</subfield>
    <subfield code="z">no.1124(2015:April 03)</subfield>
  </datafield>
  <datafield tag="955" ind1=" " ind2=" ">
    <subfield code="b">BENT</subfield>
    <subfield code="p">6079984-3290</subfield>
    <subfield code="z">no.1125(2015:April 10)</subfield>
  </datafield>
  <datafield tag="955" ind1=" " ind2=" ">
    <subfield code="b">BENT</subfield>
    <subfield code="p">6079984-330</subfield>
    <subfield code="z">no.843(2009:Nov. 13)</subfield>
  </datafield>
  <datafield tag="955" ind1=" " ind2=" ">
    <subfield code="b">BENT</subfield>
    <subfield code="p">6079984-3300</subfield>
    <subfield code="z">no.1126(2015:April 17)</subfield>
  </datafield>
  <datafield tag="955" ind1=" " ind2=" ">
    <subfield code="b">BENT</subfield>
    <subfield code="p">6079984-3310</subfield>
    <subfield code="z">no.1127(2015:April 24)</subfield>
  </datafield>
  <datafield tag="955" ind1=" " ind2=" ">
    <subfield code="b">BENT</subfield>
    <subfield code="p">6079984-3320</subfield>
    <subfield code="z">no.1128(2015:May 01)</subfield>
  </datafield>
  <datafield tag="955" ind1=" " ind2=" ">
    <subfield code="b">BENT</subfield>
    <subfield code="p">6079984-3330</subfield>
    <subfield code="z">no.1129(2015:May 08)</subfield>
  </datafield>
  <datafield tag="955" ind1=" " ind2=" ">
    <subfield code="b">BENT</subfield>
    <subfield code="p">6079984-3340</subfield>
    <subfield code="z">no.1130(2015:May 15)</subfield>
  </datafield>
  <datafield tag="955" ind1=" " ind2=" ">
    <subfield code="b">BENT</subfield>
    <subfield code="p">6079984-3350</subfield>
    <subfield code="z">no.1131(2015:May 22)</subfield>
  </datafield>
  <datafield tag="955" ind1=" " ind2=" ">
    <subfield code="b">BENT</subfield>
    <subfield code="p">6079984-3360</subfield>
    <subfield code="z">no.1132(2015:May 29)</subfield>
  </datafield>
  <datafield tag="955" ind1=" " ind2=" ">
    <subfield code="b">BENT</subfield>
    <subfield code="p">6079984-3370</subfield>
    <subfield code="z">no.1133(2015:Jun. 05)</subfield>
  </datafield>
  <datafield tag="955" ind1=" " ind2=" ">
    <subfield code="b">BENT</subfield>
    <subfield code="p">6079984-3380</subfield>
    <subfield code="z">no.1134(2015:Jun. 12)</subfield>
  </datafield>
  <datafield tag="955" ind1=" " ind2=" ">
    <subfield code="b">BENT</subfield>
    <subfield code="p">6079984-3390</subfield>
    <subfield code="z">no.1135(2015:Jun. 19)</subfield>
  </datafield>
  <datafield tag="955" ind1=" " ind2=" ">
    <subfield code="b">BENT</subfield>
    <subfield code="p">6079984-340</subfield>
    <subfield code="z">no.844(2009:Nov. 20)</subfield>
  </datafield>
  <datafield tag="955" ind1=" " ind2=" ">
    <subfield code="b">BENT</subfield>
    <subfield code="p">6079984-3400</subfield>
    <subfield code="z">no.1136(2015:Jun. 26)</subfield>
  </datafield>
  <datafield tag="955" ind1=" " ind2=" ">
    <subfield code="b">BENT</subfield>
    <subfield code="p">6079984-3410</subfield>
    <subfield code="z">no.1137(2015:Jul. 03)</subfield>
  </datafield>
  <datafield tag="955" ind1=" " ind2=" ">
    <subfield code="b">BENT</subfield>
    <subfield code="p">6079984-3420</subfield>
    <subfield code="z">no.1138(2015:Jul. 10)</subfield>
  </datafield>
  <datafield tag="955" ind1=" " ind2=" ">
    <subfield code="b">BENT</subfield>
    <subfield code="p">6079984-3430</subfield>
    <subfield code="z">no.1139(2015:Jul. 17)</subfield>
  </datafield>
  <datafield tag="955" ind1=" " ind2=" ">
    <subfield code="b">BENT</subfield>
    <subfield code="p">6079984-3440</subfield>
    <subfield code="z">no.1140(2015:Jul. 24)</subfield>
  </datafield>
  <datafield tag="955" ind1=" " ind2=" ">
    <subfield code="b">BENT</subfield>
    <subfield code="p">6079984-3450</subfield>
    <subfield code="z">no.1141(2015:Jul. 31)</subfield>
  </datafield>
  <datafield tag="955" ind1=" " ind2=" ">
    <subfield code="b">BENT</subfield>
    <subfield code="p">6079984-3460</subfield>
    <subfield code="z">no.1142(2015:Aug. 07)</subfield>
  </datafield>
  <datafield tag="955" ind1=" " ind2=" ">
    <subfield code="b">BENT</subfield>
    <subfield code="p">6079984-3470</subfield>
    <subfield code="z">no.1143(2015:Aug. 14)</subfield>
  </datafield>
  <datafield tag="955" ind1=" " ind2=" ">
    <subfield code="b">BENT</subfield>
    <subfield code="p">6079984-3480</subfield>
    <subfield code="z">no.1144(2015:Aug. 21)</subfield>
  </datafield>
  <datafield tag="955" ind1=" " ind2=" ">
    <subfield code="b">BENT</subfield>
    <subfield code="p">6079984-3490</subfield>
    <subfield code="z">no.1145(2015:Aug. 28)</subfield>
  </datafield>
  <datafield tag="955" ind1=" " ind2=" ">
    <subfield code="b">BENT</subfield>
    <subfield code="p">6079984-350</subfield>
    <subfield code="z">no.845(2009:Nov. 27)</subfield>
  </datafield>
  <datafield tag="955" ind1=" " ind2=" ">
    <subfield code="b">BENT</subfield>
    <subfield code="p">6079984-3500</subfield>
    <subfield code="z">no.1146(2015:Sep. 04)</subfield>
  </datafield>
  <datafield tag="955" ind1=" " ind2=" ">
    <subfield code="b">BENT</subfield>
    <subfield code="p">6079984-3510</subfield>
    <subfield code="z">no.1147(2015:Sep. 11)</subfield>
  </datafield>
  <datafield tag="955" ind1=" " ind2=" ">
    <subfield code="b">BENT</subfield>
    <subfield code="p">6079984-3520</subfield>
    <subfield code="z">no.1148(2015:Sep. 18)</subfield>
  </datafield>
  <datafield tag="955" ind1=" " ind2=" ">
    <subfield code="b">BENT</subfield>
    <subfield code="p">6079984-3530</subfield>
    <subfield code="z">no.1149(2015:Sep. 25)</subfield>
  </datafield>
  <datafield tag="955" ind1=" " ind2=" ">
    <subfield code="b">BENT</subfield>
    <subfield code="p">6079984-3540</subfield>
    <subfield code="z">no.1150(2015:Oct. 02)</subfield>
  </datafield>
  <datafield tag="955" ind1=" " ind2=" ">
    <subfield code="b">BENT</subfield>
    <subfield code="p">6079984-3550</subfield>
    <subfield code="z">no.1151(2015:Oct. 09)</subfield>
  </datafield>
  <datafield tag="955" ind1=" " ind2=" ">
    <subfield code="b">BENT</subfield>
    <subfield code="p">6079984-3560</subfield>
    <subfield code="z">no.1152(2015:Oct. 16)</subfield>
  </datafield>
  <datafield tag="955" ind1=" " ind2=" ">
    <subfield code="b">BENT</subfield>
    <subfield code="p">6079984-3570</subfield>
    <subfield code="z">no.1153(2015:Oct. 23)</subfield>
  </datafield>
  <datafield tag="955" ind1=" " ind2=" ">
    <subfield code="b">BENT</subfield>
    <subfield code="p">6079984-3580</subfield>
    <subfield code="z">no.1154(2015:Oct. 30)</subfield>
  </datafield>
  <datafield tag="955" ind1=" " ind2=" ">
    <subfield code="b">BENT</subfield>
    <subfield code="p">6079984-3590</subfield>
    <subfield code="z">no.1155(2015:Nov. 06)</subfield>
  </datafield>
  <datafield tag="955" ind1=" " ind2=" ">
    <subfield code="b">BENT</subfield>
    <subfield code="p">6079984-360</subfield>
    <subfield code="z">no.846(2009:Dec. 04)</subfield>
  </datafield>
  <datafield tag="955" ind1=" " ind2=" ">
    <subfield code="b">BENT</subfield>
    <subfield code="p">6079984-3600</subfield>
    <subfield code="z">no.1156(2015:Nov. 13)</subfield>
  </datafield>
  <datafield tag="955" ind1=" " ind2=" ">
    <subfield code="b">BENT</subfield>
    <subfield code="p">6079984-3610</subfield>
    <subfield code="z">no.1157(2015:Nov. 20)</subfield>
  </datafield>
  <datafield tag="955" ind1=" " ind2=" ">
    <subfield code="b">BENT</subfield>
    <subfield code="p">6079984-3620</subfield>
    <subfield code="z">no.1158(2015:Nov. 27)</subfield>
  </datafield>
  <datafield tag="955" ind1=" " ind2=" ">
    <subfield code="b">BENT</subfield>
    <subfield code="p">6079984-3630</subfield>
    <subfield code="z">no.1159(2015:Dec. 04)</subfield>
  </datafield>
  <datafield tag="955" ind1=" " ind2=" ">
    <subfield code="b">BENT</subfield>
    <subfield code="p">6079984-3640</subfield>
    <subfield code="z">no.1160(2015:Dec. 11)</subfield>
  </datafield>
  <datafield tag="955" ind1=" " ind2=" ">
    <subfield code="b">BENT</subfield>
    <subfield code="p">6079984-3650</subfield>
    <subfield code="z">no.1161(2015:Dec. 18)</subfield>
  </datafield>
  <datafield tag="955" ind1=" " ind2=" ">
    <subfield code="b">BENT</subfield>
    <subfield code="p">6079984-3660</subfield>
    <subfield code="z">no.1162(2015:Dec. 25)</subfield>
  </datafield>
  <datafield tag="955" ind1=" " ind2=" ">
    <subfield code="b">BENT</subfield>
    <subfield code="p">6079984-3670</subfield>
    <subfield code="z">no.1163(2016:Jan. 01)</subfield>
  </datafield>
  <datafield tag="955" ind1=" " ind2=" ">
    <subfield code="b">BENT</subfield>
    <subfield code="p">6079984-3680</subfield>
    <subfield code="z">no.1164(2016:Jan. 08)</subfield>
  </datafield>
  <datafield tag="955" ind1=" " ind2=" ">
    <subfield code="b">BENT</subfield>
    <subfield code="p">6079984-3690</subfield>
    <subfield code="z">no.1165(2016:Jan. 15)</subfield>
  </datafield>
  <datafield tag="955" ind1=" " ind2=" ">
    <subfield code="b">BENT</subfield>
    <subfield code="p">6079984-370</subfield>
    <subfield code="z">no.847(2009:Dec. 11)</subfield>
  </datafield>
  <datafield tag="955" ind1=" " ind2=" ">
    <subfield code="b">BENT</subfield>
    <subfield code="p">6079984-3700</subfield>
    <subfield code="z">no.1166(2016:Jan. 22)</subfield>
  </datafield>
  <datafield tag="955" ind1=" " ind2=" ">
    <subfield code="b">BENT</subfield>
    <subfield code="p">6079984-3710</subfield>
    <subfield code="z">no.1167(2016:Jan. 29)</subfield>
  </datafield>
  <datafield tag="955" ind1=" " ind2=" ">
    <subfield code="b">BENT</subfield>
    <subfield code="p">6079984-3720</subfield>
    <subfield code="z">no.1168(2016:Feb. 05)</subfield>
  </datafield>
  <datafield tag="955" ind1=" " ind2=" ">
    <subfield code="b">BENT</subfield>
    <subfield code="p">6079984-3730</subfield>
    <subfield code="z">no.1169(2016:Feb. 12)</subfield>
  </datafield>
  <datafield tag="955" ind1=" " ind2=" ">
    <subfield code="b">BENT</subfield>
    <subfield code="p">6079984-3740</subfield>
    <subfield code="z">no.1170(2016:Feb. 19)</subfield>
  </datafield>
  <datafield tag="955" ind1=" " ind2=" ">
    <subfield code="b">BENT</subfield>
    <subfield code="p">6079984-3750</subfield>
    <subfield code="z">no.1171(2016:Feb. 26)</subfield>
  </datafield>
  <datafield tag="955" ind1=" " ind2=" ">
    <subfield code="b">BENT</subfield>
    <subfield code="p">6079984-3760</subfield>
    <subfield code="z">no.1172(2016:Mar. 04)</subfield>
  </datafield>
  <datafield tag="955" ind1=" " ind2=" ">
    <subfield code="b">BENT</subfield>
    <subfield code="p">6079984-3770</subfield>
    <subfield code="z">no.1173(2016:Mar. 11)</subfield>
  </datafield>
  <datafield tag="955" ind1=" " ind2=" ">
    <subfield code="b">BENT</subfield>
    <subfield code="p">6079984-3780</subfield>
    <subfield code="z">no.1174(2016:Mar. 18)</subfield>
  </datafield>
  <datafield tag="955" ind1=" " ind2=" ">
    <subfield code="b">BENT</subfield>
    <subfield code="p">6079984-3790</subfield>
    <subfield code="z">no.1175(2016:Mar. 25)</subfield>
  </datafield>
  <datafield tag="955" ind1=" " ind2=" ">
    <subfield code="b">BENT</subfield>
    <subfield code="p">6079984-380</subfield>
    <subfield code="z">no.848(2009:Dec. 18)</subfield>
  </datafield>
  <datafield tag="955" ind1=" " ind2=" ">
    <subfield code="b">BENT</subfield>
    <subfield code="p">6079984-3800</subfield>
    <subfield code="z">no.1176(2016:April 01)</subfield>
  </datafield>
  <datafield tag="955" ind1=" " ind2=" ">
    <subfield code="b">BENT</subfield>
    <subfield code="p">6079984-3810</subfield>
    <subfield code="z">no.1177(2016:April 08)</subfield>
  </datafield>
  <datafield tag="955" ind1=" " ind2=" ">
    <subfield code="b">BENT</subfield>
    <subfield code="p">6079984-3820</subfield>
    <subfield code="z">no.1178(2016:April 15)</subfield>
  </datafield>
  <datafield tag="955" ind1=" " ind2=" ">
    <subfield code="b">BENT</subfield>
    <subfield code="p">6079984-3830</subfield>
    <subfield code="z">no.1179(2016:April 22)</subfield>
  </datafield>
  <datafield tag="955" ind1=" " ind2=" ">
    <subfield code="b">BENT</subfield>
    <subfield code="p">6079984-3840</subfield>
    <subfield code="z">no.1180(2016:April 29)</subfield>
  </datafield>
  <datafield tag="955" ind1=" " ind2=" ">
    <subfield code="b">BENT</subfield>
    <subfield code="p">6079984-3850</subfield>
    <subfield code="z">no.1181(2016:May 06)</subfield>
  </datafield>
  <datafield tag="955" ind1=" " ind2=" ">
    <subfield code="b">BENT</subfield>
    <subfield code="p">6079984-3860</subfield>
    <subfield code="z">no.1182(2016:May 13)</subfield>
  </datafield>
  <datafield tag="955" ind1=" " ind2=" ">
    <subfield code="b">BENT</subfield>
    <subfield code="p">6079984-3870</subfield>
    <subfield code="z">no.1183(2016:May 20)</subfield>
  </datafield>
  <datafield tag="955" ind1=" " ind2=" ">
    <subfield code="b">BENT</subfield>
    <subfield code="p">6079984-3880</subfield>
    <subfield code="z">no.1184(2016:May 27)</subfield>
  </datafield>
  <datafield tag="955" ind1=" " ind2=" ">
    <subfield code="b">BENT</subfield>
    <subfield code="p">6079984-3890</subfield>
    <subfield code="z">no.1185(2016:Jun. 03)</subfield>
  </datafield>
  <datafield tag="955" ind1=" " ind2=" ">
    <subfield code="b">BENT</subfield>
    <subfield code="p">6079984-390</subfield>
    <subfield code="z">no.849(2009:Dec. 25)</subfield>
  </datafield>
  <datafield tag="955" ind1=" " ind2=" ">
    <subfield code="b">BENT</subfield>
    <subfield code="p">6079984-3900</subfield>
    <subfield code="z">no.1186(2016:Jun. 10)</subfield>
  </datafield>
  <datafield tag="955" ind1=" " ind2=" ">
    <subfield code="b">BENT</subfield>
    <subfield code="p">6079984-3910</subfield>
    <subfield code="z">no.1187(2016:Jun. 17)</subfield>
  </datafield>
  <datafield tag="955" ind1=" " ind2=" ">
    <subfield code="b">BENT</subfield>
    <subfield code="p">6079984-3920</subfield>
    <subfield code="z">no.1188(2016:Jun. 24)</subfield>
  </datafield>
  <datafield tag="955" ind1=" " ind2=" ">
    <subfield code="b">BENT</subfield>
    <subfield code="p">6079984-3930</subfield>
    <subfield code="z">no.1189(2016:Jul. 01)</subfield>
  </datafield>
  <datafield tag="955" ind1=" " ind2=" ">
    <subfield code="b">BENT</subfield>
    <subfield code="p">6079984-3940</subfield>
    <subfield code="z">no.1190(2016:Jul. 08)</subfield>
  </datafield>
  <datafield tag="955" ind1=" " ind2=" ">
    <subfield code="b">BENT</subfield>
    <subfield code="p">6079984-3950</subfield>
    <subfield code="z">no.1191(2016:Jul. 15)</subfield>
  </datafield>
  <datafield tag="955" ind1=" " ind2=" ">
    <subfield code="b">BENT</subfield>
    <subfield code="p">6079984-3960</subfield>
    <subfield code="z">no.1192(2016:Jul. 22)</subfield>
  </datafield>
  <datafield tag="955" ind1=" " ind2=" ">
    <subfield code="b">BENT</subfield>
    <subfield code="p">6079984-3970</subfield>
    <subfield code="z">no.1193(2016:Jul. 29)</subfield>
  </datafield>
  <datafield tag="955" ind1=" " ind2=" ">
    <subfield code="b">BENT</subfield>
    <subfield code="p">6079984-3980</subfield>
    <subfield code="z">no.1194(2016:Aug. 05)</subfield>
  </datafield>
  <datafield tag="955" ind1=" " ind2=" ">
    <subfield code="b">BENT</subfield>
    <subfield code="p">6079984-3990</subfield>
    <subfield code="z">no.1195(2016:Aug. 12)</subfield>
  </datafield>
  <datafield tag="955" ind1=" " ind2=" ">
    <subfield code="b">BENT</subfield>
    <subfield code="p">6079984-40</subfield>
    <subfield code="z">no.814(2009:April 24)</subfield>
  </datafield>
  <datafield tag="955" ind1=" " ind2=" ">
    <subfield code="b">BENT</subfield>
    <subfield code="p">6079984-400</subfield>
    <subfield code="z">no.850(2010:Jan. 01)</subfield>
  </datafield>
  <datafield tag="955" ind1=" " ind2=" ">
    <subfield code="b">BENT</subfield>
    <subfield code="p">6079984-4000</subfield>
    <subfield code="z">no.1196(2016:Aug. 19)</subfield>
  </datafield>
  <datafield tag="955" ind1=" " ind2=" ">
    <subfield code="b">BENT</subfield>
    <subfield code="p">6079984-4010</subfield>
    <subfield code="z">no.1197(2016:Aug. 26)</subfield>
  </datafield>
  <datafield tag="955" ind1=" " ind2=" ">
    <subfield code="b">BENT</subfield>
    <subfield code="p">6079984-4020</subfield>
    <subfield code="z">no.1198(2016:Sep. 02)</subfield>
  </datafield>
  <datafield tag="955" ind1=" " ind2=" ">
    <subfield code="b">BENT</subfield>
    <subfield code="p">6079984-4030</subfield>
    <subfield code="z">no.1199(2016:Sep. 09)</subfield>
  </datafield>
  <datafield tag="955" ind1=" " ind2=" ">
    <subfield code="b">BENT</subfield>
    <subfield code="p">6079984-4040</subfield>
    <subfield code="z">no.1200(2016:Sep. 16)</subfield>
  </datafield>
  <datafield tag="955" ind1=" " ind2=" ">
    <subfield code="b">BENT</subfield>
    <subfield code="p">6079984-4050</subfield>
    <subfield code="z">no.1201(2016:Sep. 23)</subfield>
  </datafield>
  <datafield tag="955" ind1=" " ind2=" ">
    <subfield code="b">BENT</subfield>
    <subfield code="p">6079984-4060</subfield>
    <subfield code="z">no.1202(2016:Sep. 30)</subfield>
  </datafield>
  <datafield tag="955" ind1=" " ind2=" ">
    <subfield code="b">BENT</subfield>
    <subfield code="p">6079984-4070</subfield>
    <subfield code="z">no.1203(2016:Oct. 07)</subfield>
  </datafield>
  <datafield tag="955" ind1=" " ind2=" ">
    <subfield code="b">BENT</subfield>
    <subfield code="p">6079984-4080</subfield>
    <subfield code="z">no.1204(2016:Oct. 14)</subfield>
  </datafield>
  <datafield tag="955" ind1=" " ind2=" ">
    <subfield code="b">BENT</subfield>
    <subfield code="p">6079984-4090</subfield>
    <subfield code="z">no.1205(2016:Oct. 21)</subfield>
  </datafield>
  <datafield tag="955" ind1=" " ind2=" ">
    <subfield code="b">BENT</subfield>
    <subfield code="p">6079984-410</subfield>
    <subfield code="z">no.851(2010:Jan. 08)</subfield>
  </datafield>
  <datafield tag="955" ind1=" " ind2=" ">
    <subfield code="b">BENT</subfield>
    <subfield code="p">6079984-4100</subfield>
    <subfield code="z">no.1206(2016:Oct. 28)</subfield>
  </datafield>
  <datafield tag="955" ind1=" " ind2=" ">
    <subfield code="b">BENT</subfield>
    <subfield code="p">6079984-4110</subfield>
    <subfield code="z">no.1207(2016:Nov. 04)</subfield>
  </datafield>
  <datafield tag="955" ind1=" " ind2=" ">
    <subfield code="b">BENT</subfield>
    <subfield code="p">6079984-4120</subfield>
    <subfield code="z">no.1208(2016:Nov. 11)</subfield>
  </datafield>
  <datafield tag="955" ind1=" " ind2=" ">
    <subfield code="b">BENT</subfield>
    <subfield code="p">6079984-4130</subfield>
    <subfield code="z">no.1209(2016:Nov. 18)</subfield>
  </datafield>
  <datafield tag="955" ind1=" " ind2=" ">
    <subfield code="b">BENT</subfield>
    <subfield code="p">6079984-4140</subfield>
    <subfield code="z">no.1210(2016:Nov. 25)</subfield>
  </datafield>
  <datafield tag="955" ind1=" " ind2=" ">
    <subfield code="b">BENT</subfield>
    <subfield code="p">6079984-4150</subfield>
    <subfield code="z">no.1211(2016:Dec. 02)</subfield>
  </datafield>
  <datafield tag="955" ind1=" " ind2=" ">
    <subfield code="b">BENT</subfield>
    <subfield code="p">6079984-4160</subfield>
    <subfield code="z">no.1212(2016:Dec. 09)</subfield>
  </datafield>
  <datafield tag="955" ind1=" " ind2=" ">
    <subfield code="b">BENT</subfield>
    <subfield code="p">6079984-4170</subfield>
    <subfield code="z">no.1213(2016:Dec. 16)</subfield>
  </datafield>
  <datafield tag="955" ind1=" " ind2=" ">
    <subfield code="b">BENT</subfield>
    <subfield code="p">6079984-4180</subfield>
    <subfield code="z">no.1214(2016:Dec. 23)</subfield>
  </datafield>
  <datafield tag="955" ind1=" " ind2=" ">
    <subfield code="b">BENT</subfield>
    <subfield code="p">6079984-4190</subfield>
    <subfield code="z">no.1215(2016:Dec. 30)</subfield>
  </datafield>
  <datafield tag="955" ind1=" " ind2=" ">
    <subfield code="b">BENT</subfield>
    <subfield code="p">6079984-420</subfield>
    <subfield code="z">no.852(2010:Jan. 15)</subfield>
  </datafield>
  <datafield tag="955" ind1=" " ind2=" ">
    <subfield code="b">BENT</subfield>
    <subfield code="p">6079984-430</subfield>
    <subfield code="z">no.853(2010:Jan. 22)</subfield>
  </datafield>
  <datafield tag="955" ind1=" " ind2=" ">
    <subfield code="b">BENT</subfield>
    <subfield code="p">6079984-440</subfield>
    <subfield code="z">no.854(2010:Jan. 29)</subfield>
  </datafield>
  <datafield tag="955" ind1=" " ind2=" ">
    <subfield code="b">BENT</subfield>
    <subfield code="p">6079984-450</subfield>
    <subfield code="z">no.855(2010:Feb. 05)</subfield>
  </datafield>
  <datafield tag="955" ind1=" " ind2=" ">
    <subfield code="b">BENT</subfield>
    <subfield code="p">6079984-460</subfield>
    <subfield code="z">no.856(2010:Feb. 12)</subfield>
  </datafield>
  <datafield tag="955" ind1=" " ind2=" ">
    <subfield code="b">BENT</subfield>
    <subfield code="p">6079984-470</subfield>
    <subfield code="z">no.857(2010:Feb. 19)</subfield>
  </datafield>
  <datafield tag="955" ind1=" " ind2=" ">
    <subfield code="b">BENT</subfield>
    <subfield code="p">6079984-480</subfield>
    <subfield code="z">no.858(2010:Feb. 26)</subfield>
  </datafield>
  <datafield tag="955" ind1=" " ind2=" ">
    <subfield code="b">BENT</subfield>
    <subfield code="p">6079984-490</subfield>
    <subfield code="z">no.859(2010:Mar. 05)</subfield>
  </datafield>
  <datafield tag="955" ind1=" " ind2=" ">
    <subfield code="b">BENT</subfield>
    <subfield code="p">6079984-50</subfield>
    <subfield code="z">no.815(2009:May 01)</subfield>
  </datafield>
  <datafield tag="955" ind1=" " ind2=" ">
    <subfield code="b">BENT</subfield>
    <subfield code="p">6079984-500</subfield>
    <subfield code="z">no.860(2010:Mar. 12)</subfield>
  </datafield>
  <datafield tag="955" ind1=" " ind2=" ">
    <subfield code="b">BENT</subfield>
    <subfield code="p">6079984-510</subfield>
    <subfield code="z">no.861(2010:Mar. 19)</subfield>
  </datafield>
  <datafield tag="955" ind1=" " ind2=" ">
    <subfield code="b">BENT</subfield>
    <subfield code="p">6079984-520</subfield>
    <subfield code="z">no.862(2010:Mar. 26)</subfield>
  </datafield>
  <datafield tag="955" ind1=" " ind2=" ">
    <subfield code="b">BENT</subfield>
    <subfield code="p">6079984-530</subfield>
    <subfield code="z">no.863(2010:April 02)</subfield>
  </datafield>
  <datafield tag="955" ind1=" " ind2=" ">
    <subfield code="b">BENT</subfield>
    <subfield code="p">6079984-540</subfield>
    <subfield code="z">no.864(2010:April 09)</subfield>
  </datafield>
  <datafield tag="955" ind1=" " ind2=" ">
    <subfield code="b">BENT</subfield>
    <subfield code="p">6079984-550</subfield>
    <subfield code="z">no.865(2010:April 16)</subfield>
  </datafield>
  <datafield tag="955" ind1=" " ind2=" ">
    <subfield code="b">BENT</subfield>
    <subfield code="p">6079984-560</subfield>
    <subfield code="z">no.866(2010:April 23)</subfield>
  </datafield>
  <datafield tag="955" ind1=" " ind2=" ">
    <subfield code="b">BENT</subfield>
    <subfield code="p">6079984-570</subfield>
    <subfield code="z">no.867(2010:April 30)</subfield>
  </datafield>
  <datafield tag="955" ind1=" " ind2=" ">
    <subfield code="b">BENT</subfield>
    <subfield code="p">6079984-580</subfield>
    <subfield code="z">no.868(2010:May 07)</subfield>
  </datafield>
  <datafield tag="955" ind1=" " ind2=" ">
    <subfield code="b">BENT</subfield>
    <subfield code="p">6079984-590</subfield>
    <subfield code="z">no.869(2010:May 14)</subfield>
  </datafield>
  <datafield tag="955" ind1=" " ind2=" ">
    <subfield code="b">BENT</subfield>
    <subfield code="p">6079984-60</subfield>
    <subfield code="z">no.816(2009:May 08)</subfield>
  </datafield>
  <datafield tag="955" ind1=" " ind2=" ">
    <subfield code="b">BENT</subfield>
    <subfield code="p">6079984-600</subfield>
    <subfield code="z">no.870(2010:May 21)</subfield>
  </datafield>
  <datafield tag="955" ind1=" " ind2=" ">
    <subfield code="b">BENT</subfield>
    <subfield code="p">6079984-610</subfield>
    <subfield code="z">no.871(2010:May 28)</subfield>
  </datafield>
  <datafield tag="955" ind1=" " ind2=" ">
    <subfield code="b">BENT</subfield>
    <subfield code="p">6079984-620</subfield>
    <subfield code="z">no.872(2010:Jun. 04)</subfield>
  </datafield>
  <datafield tag="955" ind1=" " ind2=" ">
    <subfield code="b">BENT</subfield>
    <subfield code="p">6079984-630</subfield>
    <subfield code="z">no.873(2010:Jun. 11)</subfield>
  </datafield>
  <datafield tag="955" ind1=" " ind2=" ">
    <subfield code="b">BENT</subfield>
    <subfield code="p">6079984-640</subfield>
    <subfield code="z">no.874(2010:Jun. 18)</subfield>
  </datafield>
  <datafield tag="955" ind1=" " ind2=" ">
    <subfield code="b">BENT</subfield>
    <subfield code="p">6079984-650</subfield>
    <subfield code="z">no.875(2010:Jun. 25)</subfield>
  </datafield>
  <datafield tag="955" ind1=" " ind2=" ">
    <subfield code="b">BENT</subfield>
    <subfield code="p">6079984-660</subfield>
    <subfield code="z">no.876(2010:Jul. 02)</subfield>
  </datafield>
  <datafield tag="955" ind1=" " ind2=" ">
    <subfield code="b">BENT</subfield>
    <subfield code="p">6079984-670</subfield>
    <subfield code="z">no.877(2010:Jul. 09)</subfield>
  </datafield>
  <datafield tag="955" ind1=" " ind2=" ">
    <subfield code="b">BENT</subfield>
    <subfield code="p">6079984-680</subfield>
    <subfield code="z">no.878(2010:Jul. 16)</subfield>
  </datafield>
  <datafield tag="955" ind1=" " ind2=" ">
    <subfield code="b">BENT</subfield>
    <subfield code="p">6079984-690</subfield>
    <subfield code="z">no.879(2010:Jul. 23)</subfield>
  </datafield>
  <datafield tag="955" ind1=" " ind2=" ">
    <subfield code="b">BENT</subfield>
    <subfield code="p">6079984-70</subfield>
    <subfield code="z">no.817(2009:May 15)</subfield>
  </datafield>
  <datafield tag="955" ind1=" " ind2=" ">
    <subfield code="b">BENT</subfield>
    <subfield code="p">6079984-700</subfield>
    <subfield code="z">no.880(2010:Jul. 30)</subfield>
  </datafield>
  <datafield tag="955" ind1=" " ind2=" ">
    <subfield code="b">BENT</subfield>
    <subfield code="p">6079984-710</subfield>
    <subfield code="z">no.881(2010:Aug. 06)</subfield>
  </datafield>
  <datafield tag="955" ind1=" " ind2=" ">
    <subfield code="b">BENT</subfield>
    <subfield code="p">6079984-720</subfield>
    <subfield code="z">no.882(2010:Aug. 13)</subfield>
  </datafield>
  <datafield tag="955" ind1=" " ind2=" ">
    <subfield code="b">BENT</subfield>
    <subfield code="p">6079984-730</subfield>
    <subfield code="z">no.883(2010:Aug. 20)</subfield>
  </datafield>
  <datafield tag="955" ind1=" " ind2=" ">
    <subfield code="b">BENT</subfield>
    <subfield code="p">6079984-740</subfield>
    <subfield code="z">no.884(2010:Aug. 27)</subfield>
  </datafield>
  <datafield tag="955" ind1=" " ind2=" ">
    <subfield code="b">BENT</subfield>
    <subfield code="p">6079984-750</subfield>
    <subfield code="z">no.885(2010:Sep. 03)</subfield>
  </datafield>
  <datafield tag="955" ind1=" " ind2=" ">
    <subfield code="b">BENT</subfield>
    <subfield code="p">6079984-760</subfield>
    <subfield code="z">no.886(2010:Sep. 10)</subfield>
  </datafield>
  <datafield tag="955" ind1=" " ind2=" ">
    <subfield code="b">BENT</subfield>
    <subfield code="p">6079984-770</subfield>
    <subfield code="z">no.887(2010:Sep. 17)</subfield>
  </datafield>
  <datafield tag="955" ind1=" " ind2=" ">
    <subfield code="b">BENT</subfield>
    <subfield code="p">6079984-780</subfield>
    <subfield code="z">no.888(2010:Sep. 24)</subfield>
  </datafield>
  <datafield tag="955" ind1=" " ind2=" ">
    <subfield code="b">BENT</subfield>
    <subfield code="p">6079984-790</subfield>
    <subfield code="z">no.889(2010:Oct. 01)</subfield>
  </datafield>
  <datafield tag="955" ind1=" " ind2=" ">
    <subfield code="b">BENT</subfield>
    <subfield code="p">6079984-80</subfield>
    <subfield code="z">no.818(2009:May 22)</subfield>
  </datafield>
  <datafield tag="955" ind1=" " ind2=" ">
    <subfield code="b">BENT</subfield>
    <subfield code="p">6079984-800</subfield>
    <subfield code="z">no.890(2010:Oct. 08)</subfield>
  </datafield>
  <datafield tag="955" ind1=" " ind2=" ">
    <subfield code="b">BENT</subfield>
    <subfield code="p">6079984-810</subfield>
    <subfield code="z">no.891(2010:Oct. 15)</subfield>
  </datafield>
  <datafield tag="955" ind1=" " ind2=" ">
    <subfield code="b">BENT</subfield>
    <subfield code="p">6079984-820</subfield>
    <subfield code="z">no.892(2010:Oct. 22)</subfield>
  </datafield>
  <datafield tag="955" ind1=" " ind2=" ">
    <subfield code="b">BENT</subfield>
    <subfield code="p">6079984-830</subfield>
    <subfield code="z">no.893(2010:Oct. 29)</subfield>
  </datafield>
  <datafield tag="955" ind1=" " ind2=" ">
    <subfield code="b">BENT</subfield>
    <subfield code="p">6079984-840</subfield>
    <subfield code="z">no.894(2010:Nov. 05)</subfield>
  </datafield>
  <datafield tag="955" ind1=" " ind2=" ">
    <subfield code="b">BENT</subfield>
    <subfield code="p">6079984-850</subfield>
    <subfield code="z">no.895(2010:Nov. 12)</subfield>
  </datafield>
  <datafield tag="955" ind1=" " ind2=" ">
    <subfield code="b">BENT</subfield>
    <subfield code="p">6079984-860</subfield>
    <subfield code="z">no.896(2010:Nov. 19)</subfield>
  </datafield>
  <datafield tag="955" ind1=" " ind2=" ">
    <subfield code="b">BENT</subfield>
    <subfield code="p">6079984-870</subfield>
    <subfield code="z">no.897(2010:Nov. 26)</subfield>
  </datafield>
  <datafield tag="955" ind1=" " ind2=" ">
    <subfield code="b">BENT</subfield>
    <subfield code="p">6079984-880</subfield>
    <subfield code="z">no.898(2010:Dec. 03)</subfield>
  </datafield>
  <datafield tag="955" ind1=" " ind2=" ">
    <subfield code="b">BENT</subfield>
    <subfield code="p">6079984-890</subfield>
    <subfield code="z">no.899(2010:Dec. 10)</subfield>
  </datafield>
  <datafield tag="955" ind1=" " ind2=" ">
    <subfield code="b">BENT</subfield>
    <subfield code="p">6079984-90</subfield>
    <subfield code="z">no.819(2009:May 29)</subfield>
  </datafield>
  <datafield tag="955" ind1=" " ind2=" ">
    <subfield code="b">BENT</subfield>
    <subfield code="p">6079984-900</subfield>
    <subfield code="z">no.900(2010:Dec. 17)</subfield>
  </datafield>
  <datafield tag="955" ind1=" " ind2=" ">
    <subfield code="b">BENT</subfield>
    <subfield code="p">6079984-910</subfield>
    <subfield code="z">no.901(2010:Dec. 24)</subfield>
  </datafield>
  <datafield tag="955" ind1=" " ind2=" ">
    <subfield code="b">BENT</subfield>
    <subfield code="p">6079984-920</subfield>
    <subfield code="z">no.902(2010:Dec. 31)</subfield>
  </datafield>
  <datafield tag="955" ind1=" " ind2=" ">
    <subfield code="b">BENT</subfield>
    <subfield code="p">6079984-930</subfield>
    <subfield code="z">no.902 [903] (2011:Jan. 07)</subfield>
  </datafield>
  <datafield tag="955" ind1=" " ind2=" ">
    <subfield code="b">BENT</subfield>
    <subfield code="p">6079984-940</subfield>
    <subfield code="z">no.904(2011:Jan. 14)</subfield>
  </datafield>
  <datafield tag="955" ind1=" " ind2=" ">
    <subfield code="b">BENT</subfield>
    <subfield code="p">6079984-950</subfield>
    <subfield code="z">no.905(2011:Jan. 21)</subfield>
  </datafield>
  <datafield tag="955" ind1=" " ind2=" ">
    <subfield code="b">BENT</subfield>
    <subfield code="p">6079984-960</subfield>
    <subfield code="z">no.906(2011:Jan. 28)</subfield>
  </datafield>
  <datafield tag="955" ind1=" " ind2=" ">
    <subfield code="b">BENT</subfield>
    <subfield code="p">6079984-970</subfield>
    <subfield code="z">no.907(2011:Feb. 04)</subfield>
  </datafield>
  <datafield tag="955" ind1=" " ind2=" ">
    <subfield code="b">BENT</subfield>
    <subfield code="p">6079984-980</subfield>
    <subfield code="z">no.908(2011:Feb. 11)</subfield>
  </datafield>
  <datafield tag="955" ind1=" " ind2=" ">
    <subfield code="b">BENT</subfield>
    <subfield code="p">6079984-990</subfield>
    <subfield code="z">no.909(2011:Feb. 18)</subfield>
  </datafield>
  <datafield tag="955" ind1=" " ind2=" ">
    <subfield code="b">BENT</subfield>
    <subfield code="p">B3379722</subfield>
  </datafield>
</record>
